

@inproceedings{afouras_2020_now,
  title     = {Now You're Speaking My Language: {Visual} Language Identification},
  url       = {https://doi.org/10.21437/Interspeech.2020-2921},
  booktitle = {Proceedings of Interspeech 2020},
  author    = {Afouras, Triantafyllos and Chung, Joon Son and Zisserman, Andrew},
  year      = {2020},
  pages     = {2402--2406}
}

@article{alderete_2019_tone,
  title   = {Tone slips in {Cantonese}: {Evidence} for early phonological encoding},
  volume  = {191},
  url     = {https://doi.org/10.1016/j.cognition.2019.04.021},
  journal = {Cognition},
  author  = {Alderete, John and Chan, Queenie and Yeung, H. Henny},
  year    = {2019},
  pages   = {103952}
}

@article{altenberg_2006_f0,
  title   = {Fundamental frequency in monolingual {English}, bilingual {English}/{Russian}, and bilingual {English}/{Cantonese} young adult women},
  volume  = {20},
  url     = {https://doi.org/10.1016/j.jvoice.2005.01.005},
  number  = {1},
  journal = {Journal of Voice},
  author  = {Altenberg, Evelyn P. and Ferrand, Carole T.},
  year    = {2006},
  pages   = {89--96}
}

@article{amengual_2012_cognate,
  title   = {Interlingual influence in bilingual speech: {Cognate} status effect in a continuum of bilingualism},
  volume  = {15},
  url     = {https://doi.org/10.1017/S1366728911000460},
  number  = {3},
  journal = {Bilingualism: Language and Cognition},
  author  = {Amengual, Mark},
  year    = {2012},
  pages   = {517--530}
}

@article{amengual_2016_representations,
  title   = {The perception of language-specific phonetic categories does not guarantee accurate phonological representations in the lexicon of early bilinguals},
  volume  = {37},
  url     = {https://doi.org/10.1017/S0142716415000557},
  number  = {5},
  journal = {Applied Psycholinguistics},
  author  = {Amengual, Mark},
  year    = {2016},
  pages   = {1221--1251}
}

@article{amengual_2017_type,
  url     = {https://doi.org/10.1177/1367006917741364},
  year    = {2017},
  volume  = {23},
  number  = {5},
  pages   = {954--970},
  author  = {Mark Amengual},
  title   = {Type of early bilingualism and its effect on the acoustic realization of allophonic variants: Early sequential and simultaneous bilinguals},
  journal = {International Journal of Bilingualism}
}

@article{amengual_2018_laterals,
  title   = {Asymmetrical interlingual influence in the production of {Spanish} and {English} laterals as a result of competing activation in bilingual language processing},
  volume  = {69},
  url     = {https://doi.org/10.1016/j.wocn.2018.04.002},
  journal = {Journal of Phonetics},
  author  = {Amengual, Mark},
  year    = {2018},
  pages   = {12--28}
}

@article{antoniou_2010_context,
  title   = {Language context elicits native-like stop voicing in early bilinguals' productions in both {L1} and {L2}},
  volume  = {38},
  url     = {https://doi.org/10.1016/j.wocn.2010.09.005},
  number  = {4},
  journal = {Journal of Phonetics},
  author  = {Antoniou, Mark and Best, Catherine T. and Tyler, Michael D. and Kroos, Christian},
  year    = {2010},
  pages   = {640--653}
}

@article{antoniou_2011_VOT,
  title   = {Inter-language interference in {VOT} production by {L2}-dominant bilinguals: {Asymmetries} in phonetic code-switching},
  volume  = {39},
  url     = {https://doi.org/10.1016/j.wocn.2011.03.001},
  number  = {4},
  journal = {Journal of Phonetics},
  author  = {Antoniou, Mark and Best, Catherine T. and Tyler, Michael D. and Kroos, Christian},
  year    = {2011},
  pages   = {558--570}
}

@inproceedings{ardila_2020_common,
  address   = {Marseille, France},
  title     = {Common Voice: {A} Massively-Multilingual Speech Corpus},
  url       = {https://www.aclweb.org/anthology/2020.lrec-1.520},
  language  = {English},
  booktitle = {Proceedings of the 12th Language Resources and Evaluation Conference},
  author    = {Ardila, Rosana and Branson, Megan and Davis, Kelly and Kohler, Michael and Meyer, Josh and Henretty, Michael and Morais, Reuben and Saunders, Lindsay and Tyers, Francis and Weber, Gregor},
  year      = {2020},
  pages     = {4218--4222}
}

@article{asherov_2016_vowel,
  title   = {Vowel Reduction in {Israeli} Heritage {Russian}},
  volume  = {13},
  number  = {2},
  journal = {Heritage Language Journal},
  author  = {Asherov, Daniel and Fishman, Alon and Cohen, Evan-Gary},
  year    = {2016},
  pages   = {113--133}
}

@misc{audacity_2018_audio,
  title  = {Audacity ({R}): {Free} Audio Editor and Recorder},
  url    = {https://www.audacityteam.org/},
  author = {{Audacity Team}},
  year   = {2018}
}

@article{aylett_2006_redundancy,
  title   = {Language redundancy predicts syllabic duration and the spectral characteristics of vocalic syllable nuclei},
  volume  = {119},
  url     = {https://doi.org/10.1121/1.2188331},
  number  = {5},
  journal = {The Journal of the Acoustical Society of America},
  author  = {Aylett, Matthew and Turk, Alice},
  year    = {2006},
  pages   = {3048--3058}
}

@article{bailey_2005_similarity,
  title   = {Phoneme similarity and confusability},
  volume  = {52},
  url     = {https://doi.org/10.1016/j.jml.2004.12.003},
  number  = {3},
  journal = {Journal of Memory and Language},
  author  = {Bailey, Todd M. and Hahn, Ulrike},
  year    = {2005},
  pages   = {339--362}
}

@article{baker_2005_interaction,
  title   = {Interaction of Native- and Second-Language Vowel System(s) in Early and Late Bilinguals},
  volume  = {48},
  url     = {https://doi.org/10.1177/00238309050480010101},
  number  = {1},
  journal = {Language and Speech},
  author  = {Baker, Wendy and Trofimovich, Pavel},
  year    = {2005},
  pages   = {1--27}
}

@article{balukas_2015_vot,
  title   = {Spanish-{English} bilingual voice onset time in spontaneous code-switching},
  volume  = {19},
  url     = {https://doi.org/10.1177/1367006913516035},
  number  = {4},
  journal = {International Journal of Bilingualism},
  author  = {Balukas, Colleen and Koops, Christian},
  year    = {2015},
  pages   = {423--443}
}


@article{barlow_2014_aoa,
  title   = {Age of acquisition and allophony in {Spanish}-{English} bilinguals},
  volume  = {5},
  url     = {https://doi.org/10.3389/fpsyg.2014.00288},
  journal = {Frontiers in Psychology},
  author  = {Barlow, Jessica A.},
  year    = {2014}
}


@article{barr_2013_maximal,
  title    = {Random effects structure for confirmatory hypothesis testing: {Keep} it maximal},
  volume   = {68},
  url      = {https://doi.org/10.1016/j.jml.2012.11.001},
  language = {en},
  number   = {3},
  journal  = {Journal of Memory and Language},
  author   = {Barr, Dale J. and Levy, Roger and Scheepers, Christoph and Tily, Harry J.},
  year     = {2013},
  pages    = {255--278}
}

@article{bates_2015_lme4,
  title   = {Fitting Linear Mixed-Effects Models Using lme4},
  volume  = {67},
  url     = {https://doi.org/10.18637/jss.v067.i01},
  number  = {1},
  journal = {Journal of Statistical Software},
  author  = {Bates, Douglas and MÃ¤chler, Martin and Bolker, Ben and Walker, Steve},
  year    = {2015},
  pages   = {1--48}
}

@article{bates_2018_parsimonious,
  title   = {Parsimonious mixed models},
  url     = {http://arxiv.org/abs/1506.04967},
  urldate = {2021-09-01},
  journal = {ArXiv Preprints},
  author  = {Bates, Douglas and Kliegl, Reinhold and Vasishth, Shravan and Baayen, Harald},
  month   = may,
  year    = {2018},
  pages   = {1--21}
}

@book{bauer_1997_cantonese,
  address   = {Berlin},
  title     = {Modern {Cantonese} Phonology},
  publisher = {De Gruyter Mouton},
  author    = {Bauer, Robert S. and Benedict, Paul K.},
  year      = {1997},
  url       = {https://doi.org/10.1515/9783110823707}
}

@article{baumann_2008_scaling,
  url     = {https://doi.org/10.1007/s00426-008-0185-z},
  year    = {2008},
  volume  = {74},
  number  = {1},
  pages   = {110--120},
  author  = {Oliver Baumann and Pascal Belin},
  title   = {Perceptual scaling of voice identity: common dimensions for different vowels and speakers},
  journal = {Psychological Research}
}

@article{belin_2004_voice,
  url       = {https://doi.org/10.1016/j.tics.2004.01.008},
  year      = {2004},
  publisher = {Elsevier {BV}},
  volume    = {8},
  number    = {3},
  pages     = {129--135},
  author    = {Pascal Belin and Shirley Fecteau and Catherine B{\'{e}}dard},
  title     = {Thinking the voice: Neural correlates of voice perception},
  journal   = {Trends in Cognitive Sciences}
}

@article{bell_2009_predictability,
  url     = {https://doi.org/10.1016/j.jml.2008.06.003},
  year    = {2009},
  volume  = {60},
  number  = {1},
  pages   = {92--111},
  author  = {Alan Bell and Jason M. Brenier and Michelle Gregory and Cynthia Girand and Dan Jurafsky},
  title   = {Predictability effects on durations of content and function words in conversational {E}nglish},
  journal = {Journal of Memory and Language}
}

@article{best_2007_pam2,
  url       = {https://doi.org/10.1075/lllt.17.07bes},
  year      = {2007},
  publisher = {John Benjamins Publishing Company},
  pages     = {13--34},
  author    = {Catherine T. Best and Michael D. Tyler},
  title     = {Nonnative and second-language speech perception: Commonalities and complementarities},
  booktitle = {Language Experience in Second Language Speech Learning: In Honor of James Emil Flege}
}

@misc{boersma_2021_praat,
  title  = {Praat: {Doing} phonetics by computer},
  year   = {2021},
  url    = {http://www.praat.org/},
  author = {Boersma, Paul and Weenink, David},
  note   = {Version 6.1.38}
}

@incollection{bolton_2020_societal,
  title     = {Societal multilingualism in {Hong} {Kong}},
  booktitle = {Multilingual Global Cities},
  publisher = {Routledge},
  author    = {Bolton, Kingsley and Bacon-Shone, John and Lee, Siu-Lun},
  year      = {2020},
  pages     = {160--184},
  url       = {https://doi.org/10.4324/9780429463860-12}
}

@inproceedings{bradlow_2011_allsstar,
  address   = {Hong Kong},
  title     = {Language- and talker-dependent variation in global features of native and non-native speech},
  url       = {https://www.internationalphoneticassociation.org/icphs-proceedings/ICPhS2011/OnlineProceedings/RegularSession/Bradlow/Bradlow.pdf},
  booktitle = {Proceedings of the 17th {International} {Congress} of {Phonetic} {Sciences}},
  author    = {Bradlow, Ann R and Ackerman, Lauren and Burchfield, L Ann and Hesterberg, Lisa and Luque, Jenna and Mok, Kelsey},
  year      = {2011},
  pages     = {356--359}
}

@article{bradlow_2017_rate,
  url     = {https://doi.org/10.1121/1.4976044},
  year    = {2017},
  volume  = {141},
  number  = {2},
  pages   = {886--899},
  author  = {Ann R. Bradlow and Midam Kim and Michael Blasingame},
  title   = {Language-independent talker-specificity in first-language and second-language speech production by bilingual talkers: L1 speaking rate predicts {L2} speaking rate},
  journal = {The Journal of the Acoustical Society of America}
}

@article{brehm_2021_contrasts,
  title   = {A decade of mixed models: It's past time to set your contrasts},
  author  = {Brehm, Laurel and Alday, Phillip M.},
  journal = {OSF Preprints},
  month   = jul,
  year    = 2021,
  url     = {https://osf.io/3tgq6/}
}

@article{brown_2009_exemplar,
  url       = {https://doi.org/10.1515/shll_2009_1052},
  year      = {2009},
  publisher = {Walter de Gruyter {GmbH}},
  volume    = {2},
  number    = {2},
  pages     = {257--274},
  author    = {Esther L. Brown and David Harper},
  title     = {Phonological Evidence of Interlingual Exemplar Connections},
  journal   = {Studies in Hispanic and Lusophone Linguistics}
}


@article{brown_2009_phonological,
  title   = {Phonological Evidence of Interlingual Exemplar Connections},
  volume  = {2},
  url     = {https://doi.org/10.1515/shll-2009-1052},
  number  = {2},
  journal = {Studies in Hispanic and Lusophone Linguistics},
  author  = {Brown, Esther L. and Harper, David},
  year    = {2009},
  pages   = {257--274}
}

@article{brown_2015_finegrained,
  title   = {Fine-grained and probabilistic cross-linguistic influence in the pronunciation of cognates: {Evidence} from corpus-based spontaneous conversation and experimentally elicited data},
  volume  = {8},
  url     = {https://doi.org/10.1515/shll-2015-0003},
  number  = {1},
  journal = {Studies in Hispanic and Lusophone Linguistics},
  author  = {Brown, Esther L. and Amengual, Mark},
  year    = {2015},
  pages   = {59--83}
}

@article{brown_2015_frequency,
  title   = {The role of discourse context frequency in phonological variation: {A} usage-based approach to bilingual speech production},
  volume  = {19},
  url     = {https://doi.org/10.1177/1367006913516042},
  number  = {4},
  journal = {International Journal of Bilingualism},
  author  = {Brown, Esther L.},
  year    = {2015},
  pages   = {387--406}
}

@article{bruggeman_2019_l1,
  title   = {No {L1} privilege in talker adaptation},
  url     = {https://doi.org/10.1017/S1366728919000646},
  journal = {Bilingualism: Language and Cognition},
  author  = {Bruggeman, Laurence and Cutler, Anne},
  year    = {2019},
  pages   = {1--13}
}

@incollection{bullock_2009_sociophonetics,
  address   = {Amsterdam},
  title     = {Trying to hit a moving target: {On} the sociophonetics of code-switching},
  volume    = {41},
  booktitle = {Studies in {Bilingualism}},
  publisher = {John Benjamins Publishing Company},
  author    = {Bullock, Barbara E. and Toribio, Almeida Jacqueline},
  editor    = {Isurin, Ludmila and Winford, Donald and deBot, Kees},
  year      = {2009},
  url       = {https://doi.org/10.1075/sibil.41.12bul},
  pages     = {189--206}
}

@article{burkner_2017_brms,
  title      = {{brms}: {An} {R} Package for {Bayesian} Multilevel Models Using Stan},
  volume     = {80},
  shorttitle = {brms},
  url        = {https://doi.org/10.18637/jss.v080.i01},
  number     = {1},
  journal    = {Journal of Statistical Software},
  author     = {Burkner, Paul-Christian},
  year       = {2017},
  pages      = {1--28}
}

@article{burton_2016_faces,
  title   = {Identity From Variation: Representations of Faces Derived From Multiple Instances},
  volume  = {40},
  url     = {https://doi.org/10.1111/cogs.12231},
  number  = {1},
  journal = {Cognitive Science},
  author  = {Burton, A. Mike and Kramer, Robin S. S. and Ritchie, Kay L. and Jenkins, Rob},
  year    = {2016},
  pages   = {202--223}
}

@article{cantor_2019_voice,
  url     = {https://doi.org/10.1016/j.jvoice.2019.08.009},
  year    = {2021},
  volume  = {35},
  number  = {2},
  pages   = {194--202},
  author  = {Lady Catherine Cantor-Cutiva and Pasquale Bottalico and Charles Nudelman and Jossemia Webster and Eric J. Hunter},
  title   = {Do Voice Acoustic Parameters Differ Between Bilingual English-Spanish Speakers and Monolingual English Speakers During English Productions?},
  journal = {Journal of Voice}
}

@article{case_2018_specificity,
  title   = {Short-term implicit voice-learning leads to a familiar talker advantage: {The} role of encoding specificity},
  volume  = {144},
  url     = {https://doi.org/10.1121/1.5081469},
  number  = {6},
  journal = {The Journal of the Acoustical Society of America},
  author  = {Case, Julie and Seyfarth, Scott and Levi, Susannah V.},
  year    = {2018},
  pages   = {EL497--EL502}
}

@article{casillas_2021_interlingual,
  title   = {Interlingual Interactions Elicit Performance Mismatches Not ``Compromise'' Categories in Early Bilinguals: Evidence from Meta-Analysis and Coronal Stops},
  volume  = {6},
  url     = {https://doi.org/10.3390/languages6010009},
  number  = {1},
  journal = {Languages},
  author  = {Casillas, Joseph V.},
  year    = {2021},
  pages   = {9}
}
  
@inproceedings{cavar_2016_endangered,
  address   = {PortoroÅ¾, Slovenia},
  title     = {Endangered Language Documentation: Bootstrapping a {Chatino} Speech Corpus, Forced Aligner, {ASR}},
  booktitle = {Proceedings of the 10th International Conference on Language Resources and Evaluation},
  author    = {\'{C}avar, Malgorzata and Äavar, Damir and Cruz, Hilaria},
  year      = {2016},
  pages     = {4004--4011},
  url       = {https://aclanthology.org/L16-1632/}
}
  
@article{chan_2000_english,
  title   = {English and {Cantonese} Phonology in Contrast: {Explaining} {Cantonese} {ESL} Learners' {English} Pronunciation Problems},
  volume  = {13},
  url     = {https://doi.org/10.1080/07908310008666590},
  number  = {1},
  journal = {Language, Culture and Curriculum},
  author  = {Chan, Alice Y. W. and Li, David C. S.},
  year    = {2000},
  pages   = {67--85}
}

@article{chan_2020_lexically,
  title   = {Lexically-guided perceptual learning in early {Cantonese}-{English} bilinguals},
  volume  = {147},
  url     = {https://doi.org/10.1121/10.0000942},
  number  = {3},
  journal = {The Journal of the Acoustical Society of America},
  author  = {Chan, Leighanne and Johnson, Khia A. and Babel, Molly},
  year    = {2020},
  pages   = {EL277--EL282}
}

@article{chang_2011_heritage,
  title   = {Production of phonetic and phonological contrast by heritage speakers of {Mandarin}},
  volume  = {129},
  url     = {https://doi.org/10.1121/1.3569736},
  number  = {6},
  journal = {The Journal of the Acoustical Society of America},
  author  = {Chang, Charles B. and Yao, Yao and Haynes, Erin F. and Rhodes, Russell},
  year    = {2011},
  pages   = {3964--3980}
}

@article{chang_2013_drift,
  title   = {A novelty effect in phonetic drift of the native language},
  volume  = {41},
  url     = {https://doi.org/10.1016/j.wocn.2013.09.006},
  number  = {6},
  journal = {Journal of Phonetics},
  author  = {Chang, Charles B.},
  year    = {2013},
  pages   = {520--533}
}

@incollection{chang_2015_similarity,
  address   = {Chichester, UK},
  edition   = {1},
  title     = {Determining cross-linguistic phonological similarity between segments: The primacy of abstract aspects of similarity},
  booktitle = {The Segment in Phonetics and Phonology},
  publisher = {John Wiley \& Sons, Inc.},
  author    = {Chang, Charles B.},
  editor    = {Raimy, Eric and Cairns, Charles E.},
  year      = {2015},
  url       = {https://doi.org/10.1002/9781118555491.ch9},
  pages     = {199--217}
}

@article{chang_2016_benefits,
  title   = {Bilingual perceptual benefits of experience with a heritage language},
  volume  = {19},
  url     = {https://doi.org/10.1017/S1366728914000261},
  number  = {4},
  journal = {Bilingualism: Language and Cognition},
  author  = {Chang, Charles B.},
  year    = {2016},
  pages   = {791--809}
}

@incollection{chang_2019_bilingualism,
  url       = {https://doi.org/10.4324/9780429056253-16},
  year      = {2019},
  publisher = {Routledge},
  pages     = {427--447},
  author    = {Charles B. Chang},
  title     = {The phonetics of second language learning and bilingualism},
  booktitle = {The Routledge Handbook of Phonetics}
}

@article{cheng_2020_f0,
  title   = {Cross-linguistic {F0} differences in bilingual speakers of {E}nglish and {K}orean},
  author  = {Cheng, Andrew},
  journal = {The Journal of the Acoustical Society of America},
  volume  = {147},
  number  = {2},
  pages   = {EL67--EL73},
  year    = {2020},
  url     = {https://doi.org/10.1121/10.0000498}
}

@unpublished{cheng_UR_production,
  title  = {Production and perception across three {Hong} {Kong} {Cantonese} consonant mergers: {Community}- and individual-level perspectives},
  author = {Cheng, Lauretta S. P. and Babel, Molly and Yao, Yao},
  year   = {{Under review}}
}

@article{cho_1999_vot,
  title   = {Variation and universals in {VOT}: Evidence from 18 languages},
  volume  = {27},
  url     = {https://doi.org/10.1006/jpho.1999.0094},
  number  = {2},
  journal = {Journal of Phonetics},
  author  = {Cho, Taehong and Ladefoged, Peter},
  year    = {1999},
  pages   = {207--229}
}

@article{cho_2002_korean,
  title   = {Acoustic and aerodynamic correlates of {Korean} stops and fricatives},
  volume  = {30},
  url     = {https://doi.org/10.1006/jpho.2001.0153},
  number  = {2},
  journal = {Journal of Phonetics},
  author  = {Cho, Taehong and Jun, Sun-Ah and Ladefoged, Peter},
  year    = {2002},
  pages   = {193--228}
}

@article{chodroff_2017_structure,
  title   = {Structure in talker-specific phonetic realization: {Covariation} of stop consonant {VOT} in {American} {English}},
  volume  = {61},
  url     = {https://doi.org/10.1016/j.wocn.2017.01.001},
  journal = {Journal of Phonetics},
  author  = {Chodroff, Eleanor and Wilson, Colin},
  year    = {2017},
  pages   = {30--47}
}

@phdthesis{chodroff_2017_thesis,
  type    = {{PhD} dissertation},
  title   = {Structured Variation in Obstruent Production and Perception},
  url     = {https://jscholarship.library.jhu.edu/handle/1774.2/44696},
  school  = {Johns Hopkins University},
  author  = {Chodroff, Eleanor},
  year    = {2017},
  address = {Baltimore, MD}
}

@article{chodroff_2018_predictability,
  title   = {Predictability of stop consonant phonetics across talkers: {Between}-category and within-category dependencies among cues for place and voice},
  volume  = {4},
  url     = {https://doi.org/10.1515/lingvan_2017_0047},
  number  = {s2},
  journal = {Linguistics Vanguard},
  author  = {Chodroff, Eleanor and Wilson, Colin},
  year    = {2018}
}

@article{chodroff_2019_covariation,
  title   = {Covariation of stop voice onset time across languages: {Evidence} for a universal constraint on phonetic realization},
  volume  = {145},
  url     = {https://doi.org/10.1121/1.5088035},
  number  = {1},
  journal = {The Journal of the Acoustical Society of America},
  author  = {Chodroff, Eleanor and Golden, Alessandra and Wilson, Colin},
  year    = {2019},
  pages   = {EL109--EL115}
}

@inproceedings{chodroff_2019_l2,
  title     = {Constraints on variability in the voice onset time of {L}2 {English} stop consonants},
  booktitle = {Proceedings of the 19th International Congress of Phonetic Sciences},
  address   = {Melbourne, Austrailia},
  author    = {Chodroff, Eleanor and Baese-Berk, Melissa},
  editor    = {Calhoun, Sasha and Escudero, Paola and Tabain, Marija and Warren, Paul},
  year      = {2019},
  pages     = {661--665},
  url       = {https://assta.org/proceedings/ICPhS2019/papers/ICPhS_710.pdf}
}

@article{chodroff_inpress_sibilant,
  author  = {Chodroff, Eleanor and Wilson, Colin},
  title   = {Uniformity in phonetic realization: Evidence from sibilant place of articulation in {American English}},
  journal = {Language},
  year    = {In press},
  url     = {https://eleanorchodroff.com/articles/ChodroffWilson_UniformitySibilants_Language_Accepted_2022.pdf},
  note    = {Expected publication in June 2022}
}

@article{clopper_2008_regional,
  url     = {https://doi.org/10.1121/1.2953322},
  year    = {2008},
  volume  = {124},
  number  = {3},
  pages   = {1682--1688},
  author  = {Cynthia G. Clopper and Janet B. Pierrehumbert},
  title   = {Effects of semantic predictability and regional dialect on vowel space reduction},
  journal = {The Journal of the Acoustical Society of America}
}

@article{clumeck_1981_cantonese,
  title   = {The aspiration contrast in {Cantonese} word-initial stops: {Data} from children and adults},
  volume  = {9},
  number  = {2},
  journal = {Journal of Chinese Linguistics},
  author  = {Clumeck, Harold and Barton, David and Macken, Marlys A. and Huntington, Dorothy A.},
  year    = {1981},
  pages   = {210--225},
  url     = {https://www.jstor.org/stable/23753507}
}

@article{cohenpriva_2015_informativity,
  title   = {Informativity affects consonant duration and deletion rates},
  volume  = {6},
  url     = {https://doi.org/10.1515/lp_2015_0008},
  number  = {2},
  journal = {Laboratory Phonology},
  author  = {Cohen Priva, Uriel},
  year    = {2015},
  pages   = {243--278}
}

@article{cohenpriva_2017_actuation,
  title   = {Informativity and the actuation of lenition},
  volume  = {93},
  url     = {https://doi.org/10.1353/lan.2017.0037},
  number  = {3},
  journal = {Language},
  author  = {Cohen Priva, Uriel},
  year    = {2017},
  pages   = {569--597}
} 

@article{cohenpriva_2018_interdependence,
  url       = {https://doi.org/10.1515/lingvan_2017_0028},
  year      = {2018},
  publisher = {Walter de Gruyter {GmbH}},
  volume    = {4},
  number    = {s2},
  author    = {Cohen Priva, Uriel and Jaeger, T. Florian},
  title     = {The interdependence of frequency, predictability, and informativity in the segmental domain},
  journal   = {Linguistics Vanguard}
}

@inproceedings{cutler_1995_cantonese,
  address   = {Stockholm, Sweden},
  title     = {Phonological similarity effects in {Cantonese} word recognition},
  volume    = {1},
  booktitle = {Proceedings of the 13th International Congress of Phonetic Sciences},
  author    = {Cutler, A. and Chen, H.-C.},
  editor    = {Elenius, K and Branderud, P},
  year      = {1995},
  pages     = {106--109}
}

@article{cutler_2015_representation,
  title   = {Representation of second language phonology},
  volume  = {36},
  url     = {https://doi.org/10.1017/S0142716414000459},
  number  = {1},
  journal = {Applied Psycholinguistics},
  author  = {Cutler, Anne},
  year    = {2015},
  pages   = {115--128}
}

@incollection{deuchar_2014_corpora,
  url       = {https://doi.org/10.21832/9781783091713_008},
  year      = {2014},
  publisher = {Multilingual Matters},
  pages     = {93--110},
  author    = {Deuchar, Margaret and Davies, Peredur and Herring, Jon Russell and Parafita Couto, M. Carmen and Carter, Diana},
  editor    = {Enlli M. Thomas and Ineke Mennen},
  title     = {Building Bilingual Corpora},
  booktitle = {Advances in the Study of Bilingualism}
}

@incollection{dresher_2009_hierarchy,
  url       = {https://doi.org/10.1017/cbo9780511642005.007},
  year      = {2009},
  title     = {Evidence for the contrastive hierarchy in phonology},
  booktitle = {The {Contrastive} {Hierarchy} in {Phonology}},
  publisher = {Cambridge University Press},
  author    = {Dresher, B. Elan},
  pages     = {162--210}
}

@incollection{ethnologue_yue_2021,
  author    = {Ethnologue},
  address   = {Dallas, TX},
  edition   = {24},
  title     = {Chinese, {Yue}},
  url       = {http://www.ethnologue.com},
  booktitle = {Ethnologue: Languages of the World},
  publisher = {SIL International},
  editor    = {Eberhard, David Mm and Simons, Gary F. and Fennig, Charles D.},
  year      = {2021},
  note      = {Online version}
}

@article{eyben_2016_gemaps,
  title   = {The {Geneva} minimalistic acoustic parameter set ({GeMAPS}) for voice research and affective computing},
  volume  = {7},
  url     = {https://doi.org/10.1109/TAFFC.2015.2457417},
  number  = {02},
  journal = {IEEE Transactions on Affective Computing},
  author  = {Eyben, F. and Scherer, K. R. and Schuller, B. W. and Sundberg, J. and Andre, E. and Busso, C. and Devillers, L. Y. and Epps, J. and Laukka, P. and Narayanan, S. S. and Truong, K. P.},
  year    = {2016},
  pages   = {190--202}
}

@phdthesis{faytak_2018_uniformity,
  type   = {Doctoral dissertation},
  title  = {Articulatory Uniformity Through Articulatory Reuse: Insights from an Ultrasound Study of SÅ«zhÅu Chinese},
  school = {University of California, Berkeley},
  author = {Faytak, Matthew Donald},
  year   = {2018},
  url    = {https://escholarship.org/uc/item/0jr0010h}
}

@inproceedings{ferraresi_2008_ukwac,
  address   = {Marrakech, Morocco},
  title     = {Introducing and evaluating {ukWaC}, a very large web-derived corpus of {English}},
  booktitle = {Proceedings of the 4th {Web} as {Corpus} {Workshop}},
  author    = {Ferraresi, Adriano and Zanchetta, Eros and Baroni, Marco and Bernardini, Silvia},
  editor    = {Evert, S and Kilgarriff, A and Sharoff, S},
  year      = {2008},
  pages     = {47--54}
}

@article{fink_2018_lexical,
  title   = {Interactions between lexical access and articulation},
  volume  = {33},
  url     = {https://doi.org/10.1080/23273798.2017.1348529},
  number  = {1},
  journal = {Language, Cognition and Neuroscience},
  author  = {Fink, Angela and Oppenheim, Gary M. and Goldrick, Matthew},
  year    = {2018},
  pages   = {12--24}
}

@incollection{flege_1995_slm,
  address   = {Timonium, MD},
  title     = {Second-language speech learning: theory, findings, and problems},
  booktitle = {Speech {Perception} and {Linguistic} {Experience}: {Issues} in {Cross}-{Language} {Research}},
  publisher = {York Press},
  author    = {Flege, James E.},
  editor    = {Strange, W.},
  year      = {1995},
  pages     = {233--277}
}

@incollection{flege_2002_interactions,
  address   = {Trier},
  title     = {Interactions between the native and second-language phonetic systems},
  booktitle = {An {Integrated} {View} of {Language} {Development}: {Papers} in {Honor} of {Henning} {Wode}},
  publisher = {Wissenschaftlicher Verlag Trier},
  author    = {Flege, James E.},
  editor    = {Burmeister, P. and Piske, T. and Rohde, A.},
  year      = {2002},
  pages     = {217--244}
}

@article{flege_2003_interaction,
  title   = {Interaction between the native and second language phonetic subsystems},
  volume  = {40},
  url     = {https://doi.org/10.1016/S0167_6393(02)00128_0},
  number  = {4},
  journal = {Speech Communication},
  author  = {Flege, James E. and Schirru, Carlo and MacKay, Ian R. A.},
  year    = {2003},
  pages   = {467--491}
}


@incollection{flege_2007_bilingualism,
  address   = {Berlin},
  title     = {Language contact in bilingualism: {Phonetic} system interactions},
  volume    = {9},
  booktitle = {Laboratory {Phonology}},
  publisher = {Mouton de Gruyter},
  author    = {Flege, James E.},
  editor    = {Cole, Jennifer and Hualde, JosÃ© Ignacio},
  year      = {2007}
}

@incollection{flege_2021_slmr,
  title     = {The Revised Speech Learning Model ({SLM}-r)},
  booktitle = {Second Language Speech Learning: Theoretical and Empirical Progress},
  publisher = {Cambridge University Press},
  author    = {Flege, James Emil and Bohn, Ocke-Schwen},
  editor    = {Wayland, Ratree},
  year      = {2021},
  url       = {https://doi.org/10.1017/9781108886901.002},
  pages     = {3--83}
}

@article{fricke_2016_dimensions,
  title   = {Dimensions of similarity in the mental lexicon},
  volume  = {31},
  url     = {https://doi.org/10.1080/23273798.2015.1130234},
  number  = {5},
  journal = {Language, Cognition and Neuroscience},
  author  = {Fricke, Melinda and Baese-Berk, Melissa M. and Goldrick, Matthew},
  year    = {2016},
  pages   = {639--645}
}

@article{fricke_2016_phonetic,
  title   = {Phonetic variation in bilingual speech: {A} lens for studying the production-comprehension link},
  volume  = {89},
  url     = {https://doi.org/10.1016/j.jml.2015.10.001},
  journal = {Journal of Memory and Language},
  author  = {Fricke, Melinda and Kroll, Judith F. and Dussias, Paola E.},
  year    = {2016},
  pages   = {110--137}
}

@article{fricke_2019_bilingualism,
  title   = {Bilingualism reveals fundamental variation in language processing},
  volume  = {22},
  url     = {https://doi.org/10.1017/S1366728918000482},
  number  = {1},
  journal = {Bilingualism: Language and Cognition},
  author  = {Fricke, Melinda and Zirnstein, Megan and Navarro-Torres, Christian and Kroll, Judith F.},
  year    = {2019},
  pages   = {200--207}
}

@article{frisch_2004_ocp,
  title   = {Similarity Avoidance and the {OCP}},
  volume  = {22},
  url     = {https://doi.org/10.1023/B:NALA.0000005557.78535.3c},
  number  = {1},
  journal = {Natural Language \& Linguistic Theory},
  author  = {Frisch, Stefan A. and Pierrehumbert, Janet B. and Broe, Michael B.},
  year    = {2004},
  pages   = {179--228}
}


@article{gahl_2012_reduce,
  title   = {Why reduce? {Phonological} neighborhood density and phonetic reduction in spontaneous speech},
  volume  = {66},
  url     = {https://doi.org/10.1016/j.jml.2011.11.006},
  number  = {4},
  journal = {Journal of Memory and Language},
  author  = {Gahl, Susanne and Yao, Yao and Johnson, Keith},
  year    = {2012},
  pages   = {789--806}
}


@article{gallagher_2012_similarity,
  series  = {Phonological Similarity},
  title   = {The role of similarity in phonology},
  volume  = {122},
  url     = {https://doi.org/10.1016/j.lingua.2011.11.002},
  number  = {2},
  journal = {Lingua},
  author  = {Gallagher, Gillian and Graff, Peter},
  year    = {2012},
  pages   = {107--111}
}

@article{ganugapati_2019_structured,
  title   = {Structured phonetic variation facilitates talker identification},
  volume  = {145},
  url     = {https://doi.org/10.1121/1.5100166},
  number  = {6},
  journal = {The Journal of the Acoustical Society of America},
  author  = {Ganugapati, Divya and Theodore, Rachel M.},
  year    = {2019},
  pages   = {EL469--EL475}
}

@article{garellek_2013_voice,
  title   = {Voice quality and tone identification in {White} {Hmong}},
  volume  = {133},
  url     = {https://doi.org/10.1121/1.4773259},
  number  = {2},
  journal = {The Journal of the Acoustical Society of America},
  author  = {Garellek, Marc and Keating, Patricia and Esposito, Christina M. and Kreiman, Jody},
  year    = {2013},
  pages   = {1078--1089}
}

@incollection{garellek_2019_voice,
  title     = {The phonetics of voice},
  booktitle = {The Routledge Handbook of Phonetics},
  author    = {Garellek, Marc},
  year      = {2019},
  url       = {https://doi.org/10.4324/9780429056253_5},
  publisher = {Routledge},
  editor    = {William F. Katz and Peter F. Assmann}
}

@article{gelman_2012_multiple,
  title   = {Why we (usually) don't have to worry about multiple comparisons},
  volume  = {5},
  url     = {https://doi.org/10.1080/19345747.2011.618213},
  number  = {2},
  journal = {Journal of Research on Educational Effectiveness},
  author  = {Gelman, Andrew and Hill, Jennifer and Yajima, Masanao},
  year    = {2012},
  pages   = {189--211}
}

@article{gelman_2017_prior,
  title    = {The Prior Can Often Only Be Understood in the Context of the Likelihood},
  volume   = {19},
  url      = {https://doi.org/10.3390/e19100555},
  language = {en},
  number   = {10},
  urldate  = {2021-09-03},
  journal  = {Entropy},
  author   = {Gelman, Andrew and Simpson, Daniel and Betancourt, Michael},
  year     = {2017},
  pages    = {555}
}

@misc{gelman_2020_prior,
  title   = {Prior choice recommendations},
  urldate = {2021-05-21},
  url     = {https://github.com/stan-dev/stan/wiki/Prior-Choice-Recommendations},
  journal = {Stan development repository},
  author  = {Gelman, Andrew},
  year    = {2020}
}

@incollection{gertken_2014_blp,
  address   = {Bristol, UK},
  title     = {Assessing language dominance with the {Bilingual} {Language} {Profile}},
  booktitle = {Measuring {L}2 proficiency: {Perspectives} from {SLA}},
  publisher = {Multilingual Matters},
  author    = {Gertken, Libby M. and Amengual, Mark and Birdsong, David},
  editor    = {Leclercq, Pascale and Edmonds, Amanda and Hilton, Heather},
  year      = {2014},
  pages     = {208--225},
  url       = {https://doi.org/10.21832/9781783092291-014}
}

@inproceedings{godfrey_switchboard_1992,
  url       = {https://doi.org/10.1109/icassp.1992.225858},
  year      = 1992,
  author    = {J.J. Godfrey and E.C. Holliman and J. McDaniel},
  title     = {{SWITCHBOARD}: Telephone speech corpus for research and development},
  booktitle = {Proceedings of the 1992 {IEEE} International Conference on Acoustics, Speech, and Signal Processing}
}

@article{goldrick_2007_representations,
  title   = {Lexical and post-lexical phonological representations in spoken production},
  volume  = {102},
  url     = {https://doi.org/10.1016/j.cognition.2005.12.010},
  number  = {2},
  journal = {Cognition},
  author  = {Goldrick, Matthew and Rapp, Brenda},
  year    = {2007},
  pages   = {219--260}
}

@article{goldrick_2014_switching,
  title   = {Language Switching Makes Pronunciation Less Nativelike},
  volume  = {25},
  url     = {https://doi.org/10.1177/0956797613520014},
  number  = {4},
  journal = {Psychological Science},
  author  = {Goldrick, Matthew and Runnqvist, Elin and Costa, Albert},
  year    = {2014},
  pages   = {1031--1036}
}

@misc{google_2019_stt,
  author = {Google},
  title  = {Cloud Speech-to-Text},
  url    = {https://cloud.google.com/speech-to-text/},
  year   = {2019},
  note   = {v1}
}

@article{grieve_2021_observation,
  title   = {Observation, experimentation, and replication in linguistics},
  url     = {https://doi.org/10.1515/ling-2021-0094},
  journal = {Linguistics},
  author  = {Grieve, Jack},
  year    = {2021},
  volume  = {0}
}

@article{grosjean_1989_bilingual,
  series  = {Bilingualism and Neurolinguistics},
  title   = {Neurolinguists, beware! {The} bilingual is not two monolinguals in one person},
  volume  = {36},
  url     = {https://doi.org/10.1016/0093_934X(89)90048_5},
  number  = {1},
  journal = {Brain and Language},
  author  = {Grosjean, FranÃ§ois},
  year    = {1989},
  pages   = {3--15}
}

@book{grosjean_2010_bilingual,
  address   = {Cambridge},
  title     = {Bilingual, Life and Reality},
  publisher = {Harvard University Press},
  author    = {Grosjean, FranÃ§ois},
  year      = {2010},
  url       = {https://doi.org/10.4159/9780674056459}
}

@article{grosjean_2011_transfer,
  title   = {An attempt to isolate, and then differentiate, transfer and interference},
  volume  = {16},
  url     = {https://doi.org/10.1177/1367006911403210},
  number  = {1},
  journal = {International Journal of Bilingualism},
  author  = {Grosjean, FranÃ§ois},
  year    = {2011},
  pages   = {11--21}
}

@article{guion_2003_systems,
  title   = {The Vowel Systems of {Quichua}-{Spanish} Bilinguals},
  volume  = {60},
  url     = {https://doi.org/10.1159/000071449},
  number  = {2},
  journal = {Phonetica},
  author  = {Guion, Susan G.},
  year    = {2003},
  pmid    = {12853715},
  pages   = {98--128}
}

@article{guo_2011_inhibition,
  title   = {Local and global inhibition in bilingual word production: {fMRI} evidence from {Chinese}â{English} bilinguals},
  volume  = {56},
  url     = {https://doi.org/10.1016/j.neuroimage.2011.03.049},
  number  = {4},
  journal = {NeuroImage},
  author  = {Guo, Taomei and Liu, Hongyan and Misra, Maya and Kroll, Judith F.},
  year    = {2011},
  pages   = {2300--2309}
}

@article{gustafson_2018_probabilistic,
  title   = {The role of linguistic experience in the processing of probabilistic information in production},
  volume  = {33},
  url     = {https://doi.org/10.1080/23273798.2017.1375129},
  number  = {2},
  journal = {Language, Cognition and Neuroscience},
  author  = {Gustafson, Erin and Goldrick, Matthew},
  year    = {2018},
  pages   = {211--226}
}

@article{haines_2020_theoretically,
  title   = {Theoretically Informed Generative Models Can Advance the Psychological and Brain Sciences: Lessons from the Reliability Paradox},
  journal = {PsyArXiv Preprints},
  author  = {Haines, Nathaniel and Kvam, Peter D. and Irving, Louis H. and Smith, Colin and Beauchaine, Theodore P. and Pitt, Mark A. and Ahn, Woo-Young and Turner, Brandon M.},
  month   = aug,
  year    = {2020},
  url     = {https://doi.org/10.31234/osf.io/xr7y3}
}

@article{hall_2018_predictability,
  title   = {The role of predictability in shaping phonological patterns},
  volume  = {4},
  url     = {https://doi.org/10.1515/lingvan_2017_0027},
  number  = {s2},
  journal = {Linguistics Vanguard},
  author  = {Hall, Kathleen Currie and Hume, Elizabeth and Jaeger, T. Florian and Wedel, Andrew},
  year    = {2018}
}

@article{harrington_2017_modeling,
  title   = {/u/-fronting and agent-based modeling: {The} relationship between the origin and spread of sound change},
  volume  = {93},
  url     = {https://doi.org/10.1353/lan.2017.0019},
  number  = {2},
  journal = {Language},
  author  = {Harrington, Jonathan and Schiel, Florian},
  year    = {2017},
  pages   = {414--445}
}

@article{hermans_2004_identity,
  title   = {Between-language identity effects in picture-word interference tasks: {A} challenge for language-nonspecific or language-specific models of lexical access?},
  volume  = {8},
  url     = {https://doi.org/10.1177/13670069040080020101},
  number  = {2},
  journal = {International Journal of Bilingualism},
  author  = {Hermans, Daan},
  year    = {2004},
  pages   = {115--125}
}

@article{hillenbrand_1994_acoustic,
  title   = {Acoustic correlates of breathy vocal quality},
  volume  = {37},
  url     = {https://doi.org/10.1044/jshr.3704.769},
  number  = {4},
  journal = {Journal of speech and hearing research},
  author  = {Hillenbrand, J and Cleveland, R A and Erickson, R L},
  year    = {1994},
  pages   = {769--778}
}

@article{ieee_1969_sentences,
  title   = {{IEEE} Recommended Practice for Speech Quality Measurements},
  author  = {IEEE},
  volume  = {17},
  url     = {https://doi.org/10.1109/TAU.1969.1162058},
  number  = {3},
  journal = {IEEE Transactions on Audio and Electroacoustics},
  year    = {1969},
  pages   = {225--246}
}

@article{ingvalson_2014_bilingual,
  title    = {Bilingual speech perception and learning: {A} review of recent trends},
  volume   = {18},
  url      = {https://doi.org/10.1177/1367006912456586},
  language = {en},
  number   = {1},
  urldate  = {2019-02-21},
  journal  = {International Journal of Bilingualism},
  author   = {Ingvalson, Erin M. and Ettlinger, Marc and Wong, Patrick C. M.},
  year     = {2014},
  pages    = {35--47}
}

@article{iseli_2007_voice,
  title   = {Age, sex, and vowel dependencies of acoustic measures related to the voice source},
  author  = {Iseli, Markus and Shue, Yen-Liang and Alwan, Abeer},
  journal = {The Journal of the Acoustical Society of America},
  volume  = {121},
  number  = {4},
  pages   = {2283--2295},
  year    = {2007},
  url     = {https://doi.org/10.1121/1.2697522}
}

@article{jadoul_2018_parselmouth,
  title   = {Introducing {Parselmouth}: {A} {Python} interface to {Praat}},
  volume  = {71},
  url     = {https://doi.org/10.1016/j.wocn.2018.07.001},
  journal = {Journal of Phonetics},
  author  = {Jadoul, Yannick and Thompson, Bill and de Boer, Bart},
  year    = {2018},
  pages   = {1--15}
}

@incollection{jaeger_2017_reduction,
  title     = {Signal Reduction and Linguistic Encoding},
  booktitle = {The {Handbook} of {Psycholinguistics}},
  publisher = {John Wiley \& Sons, Ltd},
  author    = {Jaeger, T. Florian and Buz, Esteban},
  year      = {2017},
  url       = {https://doi.org/10.1002/9781118829516.ch3},
  pages     = {38--81}
}

@article{jarvinen_2013_speaking,
  title   = {Speaking a foreign language and its effect on {F0}},
  volume  = {38},
  issn    = {1401-5439},
  url     = {https://doi.org/10.3109/14015439.2012.687764},
  number  = {2},
  journal = {Logopedics Phoniatrics Vocology},
  author  = {J\"{a}rvinen, Kati and Laukkanen, Anne-Maria and Aaltonen, Olli},
  year    = {2013},
  pages   = {47--51}
}

@inproceedings{johnson_2004_massive,
  address   = {Toyko, Japan},
  title     = {Massive reduction in conversational {American} {English}},
  url       = {https://linguistics.berkeley.edu/~kjohnson/papers/Massive.pdf},
  booktitle = {Spontaneous {Speech}: {Data} and Analysis. {Proceedings} of the 1st {Session} of the 10th {International} {Symposium}},
  publisher = {The National International Institute for Japanese Language},
  author    = {Johnson, Keith},
  editor    = {Yoneyama, K. and Maekawa, K.},
  year      = {2004},
  pages     = {29--54}
}

@inproceedings{johnson_2019_probabilistic,
  address   = {Melbourne, Australia},
  title     = {Probabilistic reduction in {Spanish}-{English} bilingual speech},
  booktitle = {Proceedings of the 19th International Congress of Phonetic Sciences},
  author    = {Johnson, Khia A.},
  editor    = {Calhoun, Sasha and Escudero, Paola and Tabain, Marija and Warren, Paul},
  year      = {2019},
  pages     = {1263--1267}
}

@inproceedings{johnson_2020_bilingual,
  title     = {Bilingual Acoustic Voice Variation is Similarly Structured Across Languages},
  url       = {https://doi.org/10.21437/Interspeech.2020-3095},
  booktitle = {Proceedings of Interspeech 2020},
  author    = {Johnson, Khia A. and Babel, Molly and Fuhrman, Robert A.},
  year      = {2020},
  pages     = {2387--2391}
}

@inproceedings{johnson_2020_spice,
  title     = {{SpiCE}: A New Open-Access Corpus of Conversational Bilingual Speech in {C}antonese and {E}nglish},
  author    = {Johnson, Khia A. and Babel, Molly  and Fong, Ivan  and Yiu, Nancy},
  booktitle = {Proceedings of the 12th Language Resources and Evaluation Conference},
  year      = {2020},
  address   = {Marseille, France},
  url       = {https://www.aclweb.org/anthology/2020.lrec-1.503},
  pages     = {4089--4095}
}

@article{johnson_2021_language,
  title   = {Language contact within the speaker: {Phonetic} variation and crosslinguistic influence},
  journal = {OSF Preprints},
  author  = {Johnson, Khia A. and Babel, Molly},
  year    = {2021},
  url     = {https://doi.org/10.31219/osf.io/jhsfc}
}

@inproceedings{johnson_2021_leveraging,
  title     = {Leveraging the uniformity framework to examine crosslinguistic similarity for long-lag stops in spontaneous {Cantonese}-{English} bilingual speech},
  author    = {Johnson, Khia A.},
  month     = jun,
  year      = {2021},
  booktitle = {Proceedings of Interspeech 2021},
  pages     = {2671--2675},
  url       = {https://doi.org/10.21437/Interspeech.2021-1780}
}

@misc{johnson_2021_spice,
  author    = {Johnson, Khia A.},
  publisher = {Scholars Portal Dataverse},
  title     = {{SpiCE: Speech in Cantonese and English}},
  year      = {2021},
  note      = {V1},
  url       = {https://doi.org/10.5683/SP2/MJOXP3}
}

@book{jolliffe_2002_pca,
  address   = {New York},
  edition   = {2},
  title     = {Principal Component Analysis},
  publisher = {Springer-Verlag},
  author    = {Jolliffe, I. T.},
  year      = {2002},
  url       = {https://doi.org/10.1007/b98835}
}

@article{jongman_2000_fricatives,
  title   = {Acoustic characteristics of {English} fricatives},
  volume  = {108},
  url     = {https://doi.org/10.1121/1.1288413},
  number  = {3},
  journal = {The Journal of the Acoustical Society of America},
  author  = {Jongman, Allard and Wayland, Ratree and Wong, Serena},
  year    = {2000},
  pages   = {1252--1263}
}

@article{ju_2004_falling,
  title   = {Falling on sensitive ears: {Constraints} on bilingual lexical activation},
  volume  = {15},
  url     = {https://doi.org/10.1111/j.0956-7976.2004.00675.x},
  number  = {5},
  journal = {Psychological Science},
  author  = {Ju, Min and Luce, Paul A.},
  year    = {2004},
  pages   = {314--318}
}

@inproceedings{kawahara_1998_straight,
  address = {Sydney, Austrailia},
  title   = {An instantaneous-frequency-based pitch extraction method for high-quality speech transformation: {Revised} {TEMPO} in the {STRAIGHT}-suite},
  url     = {https://www.isca-speech.org/archive/icslp_1998/i98_0659.html},
  author  = {Kawahara, Hideki and de Cheveigne, Alain and Patterson, Roy D.},
  year    = {1998},
  pages   = {0659}
}

@inproceedings{kawahara_2016_straight,
  title     = {Using instantaneous frequency and aperiodicity detection to estimate {F0} for high-quality speech synthesis},
  url       = {https://doi.org/10.21437/SSW.2016-36},
  author    = {Kawahara, Hideki and Agiomyrgiannakis, Yannis and Zen, Heiga},
  year      = {2016},
  pages     = {221--228},
  booktitle = {Proceedings of the 9th ISCA Speech Synthesis Workshop}
}

@manual{kay_2021_tidybayes,
  title  = {{tidybayes}: Tidy Data and Geoms for {Bayesian} Models},
  author = {Matthew Kay},
  year   = {2021},
  note   = {Version 3.0.0},
  url    = {http://mjskay.github.io/tidybayes/},
  url    = {https://doi.org/10.5281/zenodo.1308151}
}

@article{keating_2012_f0,
  title   = {Comparison of speaking fundamental frequency in {English} and {Mandarin}},
  volume  = {132},
  url     = {https://doi.org/10.1121/1.4730893},
  number  = {2},
  journal = {The Journal of the Acoustical Society of America},
  author  = {Keating, Patricia and Kuo, Grace},
  year    = {2012},
  pages   = {1050--1060}
}

@inproceedings{keating_2019_database,
  address   = {Melbourne, Australia},
  title     = {A new speech database for within- and between-speaker variability},
  url       = {https://www.assta.org/proceedings/ICPhS2019/papers/ICPhS_785.pdf},
  booktitle = {Proceedings of the 19th International Congress of Phonetic Sciences},
  author    = {Keating, Patricia and Kreiman, Jody and Alwan, Abeer},
  year      = {2019},
  pages     = {736--739}
}

@misc{keshet_2014_autovot,
  title  = {{AutoVOT}: {A} tool for automatic measurement of voice onset time using discriminative structured prediction},
  url    = {https://github.com/mlml/autovot/},
  note   = {Version 0.94},
  author = {Keshet, J. and Sonderegger, M. and Knowles, T.},
  year   = {2014}
}

@inproceedings{kilgarriff_2010_corpus,
  address   = {Valletta, Malta},
  title     = {A Corpus Factory for Many Languages},
  booktitle = {Proceedings of the 7th {Conference} on {International} {Language} {Resources} and {Evaluation}},
  author    = {Kilgarriff, Adam and Reddy, Siva and Pomik\'{a}lek, Jan and Avinesh, P. V. S.},
  year      = {2010},
  pages     = {904--910}
}

@article{kleinschmidt_2018_sociolinguistic,
  title   = {Sociolinguistic Perception as Inference Under Uncertainty},
  volume  = {10},
  url     = {https://doi.org/https://doi.org/10.1111/tops.12331},
  number  = {4},
  journal = {Topics in Cognitive Science},
  author  = {Kleinschmidt, Dave F. and Weatherholtz, Kodi and Jaeger, T. Florian},
  year    = {2018},
  pages   = {818--834}
}

@book{kreiman_2011_voice,
  title     = {Foundations of {Voice} {Studies}: {An} {Interdisciplinary} {Approach} to {Voice} {Production} and {Perception}},
  publisher = {Wiley-Blackwell},
  author    = {Kreiman, Jody and Sidtis, Diana},
  year      = {2011},
  url       = {https://doi.org/10.1002/9781444395068}
}

@article{kreiman_2014_theory,
  url     = {https://doi.org/10.3989/loquens.2014.009},
  year    = {2014},
  volume  = {1},
  number  = {1},
  pages   = {e009},
  author  = {Jody Kreiman and Bruce R. Gerratt and Marc Garellek and Robin Samlan and Zhaoyan Zhang},
  title   = {Toward a unified theory of voice production and perception},
  journal = {Loquens}
}

@article{kreiman_2021_validating,
  title   = {Validating a psychoacoustic model of voice quality},
  volume  = {149},
  url     = {https://doi.org/10.1121/10.0003331},
  number  = {1},
  urldate = {2021-07-21},
  journal = {The Journal of the Acoustical Society of America},
  author  = {Kreiman, Jody and Lee, Yoonjeong and Garellek, Marc and Samlan, Robin and Gerratt, Bruce R.},
  year    = {2021},
  pages   = {457--465}
}

@article{kroll_2014_planning,
  title   = {Speech Planning in Two Languages: What Bilinguals Tell Us about Language Production},
  url     = {https://doi.org/10.1093/oxfordhb/9780199735471.013.001},
  journal = {The Oxford Handbook of Language Production},
  author  = {Kroll, Judith F. and Gollan, Tamar H.},
  year    = {2014}
}

@article{kroll_2015_bilingualism,
  title   = {Bilingualism, Mind, and Brain},
  volume  = {1},
  url     = {https://doi.org/10.1146/annurev-linguist-030514_124937},
  number  = {1},
  journal = {Annual Review of Linguistics},
  author  = {Kroll, Judith F. and Dussias, Paola E. and Bice, Kinsey and Perrotti, Lauren},
  year    = {2015},
  pages   = {377--394}
}

@incollection{kroll_2018_bilingualism,
  title     = {Bilingualism},
  booktitle = {Stevens' {Handbook} of {Experimental} {Psychology} and {Cognitive} {Neuroscience}},
  publisher = {John Wiley \& Sons, Inc.},
  author    = {Kroll, Judith F. and Navarro-Torres, Christian A.},
  year      = {2018},
  url       = {https://doi.org/10.1002/9781119170174.epcn307},
  pages     = {1--29}
}

@article{kruschke_2011_bayesian,
  title   = {Bayesian Assessment of Null Values Via Parameter Estimation and Model Comparison},
  volume  = {6},
  url     = {https://doi.org/10.1177/1745691611406925},
  number  = {3},
  journal = {Perspectives on Psychological Science},
  author  = {Kruschke, John K.},
  year    = {2011},
  pages   = {299--312}
}

@article{kruschke_2011_rope,
  title   = {Bayesian assessment of null values via parameter estimation and model comparison},
  volume  = {6},
  url     = {https://doi.org/10.1177/1745691611406925},
  number  = {3},
  journal = {Perspectives on Psychological Science},
  author  = {Kruschke, John K.},
  year    = {2011},
  pages   = {299--312}
}

@article{kupisch_2014_simultaneous,
  title   = {Foreign Accent in Adult Simultaneous Bilinguals},
  volume  = {11},
  number  = {2},
  journal = {Heritage Language Journal},
  author  = {Kupisch, Tanja and Barton, Dagmar and Hailer, Katja and Klaschik, Ewgenia and Stangen, Ilse and Lein, Tatjana and van de Weijer, Joost},
  year    = {2014},
  pages   = {123--150}
}

@book{labov_2008_atlas,
  title     = {The Atlas of {North} {American} {English}: {Phonetics}, Phonology and Sound Change},
  url       = {https://doi.org/10.1515/9783110167467},
  publisher = {De Gruyter Mouton},
  author    = {Labov, William and Ash, Sharon and Boberg, Charles},
  year      = {2008}
}

@incollection{ladd_2006_distinctive,
  title     = {Distinctive phones in surface representation},
  volume    = {8},
  booktitle = {Laboratory Phonology},
  author    = {Ladd, R.},
  year      = {2006},
  pages     = {3--26}
}

@article{latinus_2011_voice,
  title   = {Anti-Voice Adaptation Suggests Prototype-Based Coding of Voice Identity},
  volume  = {2},
  url     = {https://doi.org/10.3389/fpsyg.2011.00175},
  urldate = {2021-08-18},
  journal = {Frontiers in Psychology},
  author  = {Latinus, Marianne and Belin, Pascal},
  year    = {2011},
  pages   = {175}
}

@book{laver_1980_phonetic,
  address   = {New York},
  series    = {Cambridge Studies in Linguistics},
  title     = {The phonetic description of voice quality},
  volume    = {31},
  url       = {https://www.cambridge.org/9780521108898},
  language  = {English},
  publisher = {Cambridge University Press},
  author    = {Laver, John},
  year      = {1980}
}

@article{lavner_2001_prototype,
  title   = {The Prototype Model in Speaker Identification by Human Listeners},
  volume  = {4},
  url     = {https://doi.org/10.1023/A:1009656816383},
  number  = {1},
  journal = {International Journal of Speech Technology},
  author  = {Lavner, Yizhar and Rosenhouse, Judith and Gath, Isak},
  year    = {2001},
  pages   = {63--74}
}

@book{lavoie_2001_consonant,
  title     = {Consonant Strength: {Phonological} Patterns and Phonetic Manifestations},
  publisher = {Routledge},
  author    = {Lavoie, Lisa M.},
  year      = {2001},
  url       = {https://doi.org/10.4324/9780203826423}
}

@article{lee_2017_bilingual,
  title   = {The bilingual voice: {Vocal} characteristics when speaking two languages across speech tasks},
  volume  = {20},
  url     = {https://doi.org/10.1080/2050571x.2016.1273572},
  number  = {3},
  journal = {Speech, Language and Hearing},
  author  = {Lee, Binna and Sidtis, Diana Van Lancker},
  year    = {2017},
  pages   = {174--185}
}

@misc{lee_2018_pycantonese,
  title  = {{PyCantonese}},
  author = {Lee, Jackson L.},
  year   = {2018},
  url    = {https://pycantonese.org/},
  note   = {Version 2.2.0}
}

@article{lee_2019_acoustic,
  title   = {Acoustic voice variation within and between speakers},
  volume  = {146},
  url     = {https://doi.org/10.1121/1.5125134},
  number  = {3},
  journal = {The Journal of the Acoustical Society of America},
  author  = {Lee, Yoonjeong and Keating, Patricia and Kreiman, Jody},
  year    = {2019},
  pages   = {1568--1579}
}

@inproceedings{lee_2019_spontaneous,
  address   = {San Diego, CA},
  booktitle = {The 178th Meeting of the Acoustical Society of America},
  title     = {Within- and between-speaker acoustic variability: {Spontaneous} versus read speech},
  author    = {Lee, Yoonjeong and Kreiman, Jody},
  year      = {2019},
  url       = {https://doi.org/10.1121/1.5137431},
  note      = {Poster}
}

@inproceedings{lee_2020_language,
  address   = {Acoustics Virtually Everywhere},
  title     = {Language effects on acoustic voice variation within and between talkers},
  author    = {Lee, Yoonjeong and Kreiman, Jody},
  booktitle = {The 179th Meeting of the Acoustical Society of America},
  year      = {2020},
  url       = {https://doi.org/10.1121/1.5146847},
  note      = {Poster}
}

@article{lein_2016_vot,
  title   = {Voice onset time and global foreign accent in {German}â{French} simultaneous bilinguals during adulthood},
  volume  = {20},
  url     = {https://doi.org/10.1177/1367006915589424},
  number  = {6},
  journal = {International Journal of Bilingualism},
  author  = {Lein, Tatjana and Kupisch, Tanja and van de Weijer, Joost},
  year    = {2016},
  pages   = {732--749}
}

@manual{lenth_2021_emmeans,
  title  = {emmeans: Estimated Marginal Means, aka Least-Squares Means},
  author = {Lenth, Russell V.},
  year   = {2021},
  note   = {Version 1.6.0},
  url    = {https://CRAN.R-project.org/package=emmeans}
}

@article{leung_2001_hkcac,
  title   = {{HKCAC}: {The} {Hong} {Kong} {Cantonese} Adult Language Corpus},
  volume  = {6},
  url     = {https://doi.org/10.1075/ijcl.6.2.06leu},
  number  = {2},
  journal = {International Journal of Corpus Linguistics},
  author  = {Leung, Man-Tak and Law, Sam-Po},
  year    = {2001},
  pages   = {305--325}
}

@article{levi_2018_advantage,
  title   = {Another bilingual advantage? {Perception} of talker-voice information},
  volume  = {21},
  url     = {https://doi.org/10.1017/S1366728917000153},
  number  = {3},
  journal = {Bilingualism: Language and Cognition},
  author  = {Levi, Susannah V.},
  year    = {2018},
  pages   = {523--536}
}

@article{levi_2019_methodological,
  title     = {Methodological considerations for interpreting the language familiarity effect in talker processing},
  volume    = {10},
  copyright = {Â© 2018 Wiley Periodicals, Inc.},
  url       = {https://doi.org/10.1002/wcs.1483},
  number    = {2},
  journal   = {WIREs Cognitive Science},
  author    = {Levi, Susannah V.},
  year      = {2019},
  pages     = {e1483}
}

@book{liang_2015_china,
  title     = {Language Attitudes and Identities in Multilingual {C}hina: A Linguistic Ethnography},
  url       = {https://doi.org/10.1007/978-3-319-12619_7},
  year      = {2015},
  publisher = {Springer International Publishing},
  author    = {Sihua Liang}
}

@article{liberman_1967_perception,
  title   = {Perception of the speech code},
  volume  = {74},
  url     = {https://doi.org/10.1037/h0020279},
  number  = {6},
  journal = {Psychological Review},
  author  = {Liberman, A. M. and Cooper, F. S. and Shankweiler, D. P. and Studdert-Kennedy, M.},
  year    = {1967},
  pages   = {431--461}
}

@article{liberman_2019_corpus,
  title   = {Corpus phonetics},
  volume  = {5},
  url     = {https://doi.org/10.1146/annurev-linguistics-011516-033830},
  number  = {1},
  journal = {Annual Review of Linguistics},
  author  = {Liberman, Mark Y.},
  year    = {2019},
  pages   = {91--107}
}

@book{lieberman_1988_speech,
  address   = {Cambridge},
  series    = {Cambridge Studies in Speech Science and Communication},
  title     = {Speech Physiology, Speech Perception, and Acoustic Phonetics},
  publisher = {Cambridge University Press},
  author    = {Lieberman, Philip and Blumstein, Sheila E.},
  year      = {1988},
  url       = {https://doi.org/10.1017/CBO9781139165952}
}

@incollection{lindblom_1988_universals,
  address   = {London},
  title     = {Phonetic Universals in Consonant Systems},
  booktitle = {Language, Speech, and Mind: Studies in Honour of {Victoria} {A}. {Fromkin}},
  publisher = {Routledge},
  author    = {Lindblom, BjÃ¶rn and Maddieson, Ian},
  editor    = {Hyman, Larry M. and Li, Charles N.},
  year      = {1988},
  pages     = {62--78}
}

@article{lisker_1964_vot,
  url       = {https://doi.org/10.1080/00437956.1964.11659830},
  year      = {1964},
  publisher = {Informa {UK} Limited},
  volume    = {20},
  number    = {3},
  pages     = {384--422},
  author    = {Leigh Lisker and Arthur S. Abramson},
  title     = {A Cross-Language Study of Voicing in Initial Stops: {A}coustical Measurements},
  journal   = {Word}
}

@article{lisker_1967_some,
  url     = {https://doi.org/10.1177/002383096701000101},
  year    = {1967},
  volume  = {10},
  number  = {1},
  pages   = {1--28},
  author  = {Lisker, Leigh and Abramson, Arthur S.},
  title   = {Some Effects of Context On Voice Onset Time in {English} Stops},
  journal = {Language and Speech}
}

@misc{littell_2010_thank,
  title  = {Thank-You Notes [{Version} 1.0: {Agent} Focus]},
  url    = {http://totemfieldstoryboards.org/stories/thank_you_notes/},
  author = {Littell, Patrick},
  year   = {2010}
}

@article{llompart_2018_acoustic,
  title   = {Acoustic cues, not phonological features, drive vowel perception: {Evidence} from height, position and tenseness contrasts in {German} vowels},
  volume  = {67},
  url     = {https://doi.org/10.1016/j.wocn.2017.12.001},
  urldate = {2021-08-26},
  journal = {Journal of Phonetics},
  author  = {Llompart, Miquel and Reinisch, Eva},
  year    = {2018}
}

@inproceedings{lloy_2020_bilingual,
  title     = {Bilingual talker identification with spontaneous speech in {Cantonese} and {English}: {The} role of language-specific knowledge},
  url       = {https://doi.org/10.1121/1.5147685},
  urldate   = {2021-01-29},
  booktitle = {The 179th {Meeting} of the {Acoustical} {Society} of {America}},
  author    = {Lloy, Angelina and Johnson, Khia A. and Babel, Molly},
  year      = {2020},
  note      = {Poster},
  address   = {Virtual}
}

@inproceedings{lloy_2021_examining,
  address   = {Virtual},
  title     = {Examining the roles of language familiarity and bilingualism in talker recognition},
  booktitle = {The 13th International Symposium on Bilingualism},
  author    = {Lloy, Angelina and Johnson, Khia and Babel, Molly},
  year      = {2021},
  note      = {Poster}
}

@article{loveday_1981_pitch,
  title   = {Pitch, Politeness and Sexual Role: {An} Exploratory Investigation into the Pitch Correlates of {English} and {Japanese} Politeness Formulae},
  volume  = {24},
  url     = {https://doi.org/10.1177/002383098102400105},
  number  = {1},
  journal = {Language and Speech},
  author  = {Loveday, Leo},
  year    = {1981},
  pages   = {71--89}
}

@article{ludecke_2020_parameters,
  title   = {Extracting, Computing and Exploring the Parameters of Statistical Models using {R}},
  volume  = {5},
  url     = {https://doi.org/10.21105/joss.02445},
  number  = {53},
  journal = {Journal of Open Source Software},
  author  = {Daniel L\"{u}decke and Mattan S. Ben-Shachar and Indrajeet Patil and Dominique Makowski},
  year    = {2020},
  pages   = {2445}
}

@article{luke_2015_hkc,
  title   = {The {Hong} {Kong} {Cantonese} corpus: {Design} and uses},
  url     = {https://www.jstor.org/stable/26455290},
  volume  = {25},
  journal = {Journal of Chinese Linguistics Monograph Series},
  author  = {Luke, Kang Kwong and Wong, May L.Y.},
  year    = {2015},
  pages   = {312--333}
}

@article{mackay_2001_category,
  title   = {Category restructuring during second-language speech acquisition},
  volume  = {110},
  url     = {https://doi.org/10.1121/1.1377287},
  number  = {1},
  journal = {The Journal of the Acoustical Society of America},
  author  = {MacKay, Ian R. A. and Flege, James Emil and Piske, Thorsten and Schirru, Carlo},
  year    = {2001},
  pages   = {516--528}
}

@article{mackenzie_2011_harmony,
  title   = {Contrast and the evaluation of similarity: {Evidence} from consonant harmony},
  volume  = {121},
  url     = {https://doi.org/10.1016/j.lingua.2011.03.004},
  number  = {8},
  journal = {Lingua},
  author  = {Mackenzie, Sara},
  year    = {2011},
  pages   = {1401--1423}
}

@article{macleod_2005_vot,
  title   = {Are bilinguals different? {What} {VOT} tells us about simultaneous bilinguals},
  volume  = {3},
  url     = {https://doi.org/10.1080/14769670500066313},
  number  = {2},
  journal = {Journal of Multilingual Communication Disorders},
  author  = {MacLeod, Andrea AN and Stoel-Gammon, Carol},
  year    = {2005},
  pages   = {118--127}
}

@article{macleod_2009_use,
  title   = {The use of voice onset time by early bilinguals to distinguish homorganic stops in {Canadian} {English} and {Canadian} {French}},
  volume  = {30},
  url     = {https://doi.org/10.1017/S0142716408090036},
  number  = {1},
  journal = {Applied Psycholinguistics},
  author  = {Macleod, Andrea a. N. and Stoel-Gammon, Carol},
  year    = {2009},
  pages   = {53--77}
}

@book{matthews_2013_cantonese,
  title     = {Cantonese: {A} {Comprehensive} {Grammar}},
  publisher = {Routledge},
  author    = {Matthews, Stephen and Yip, Virginia and Yip, Virginia},
  year      = {2013},
  url       = {https://doi.org/10.4324/9780203835012}
}

@misc{mcauliffe_2017_mfa,
  title  = {Montreal Forced Aligner},
  url    = {https://montrealcorpustools.github.io/Montreal-Forced-Aligner/},
  author = {McAuliffe, Michael and Socolof, Michaela and Stengel-Eskin, Elias and Mihuc, Sarah and Wagner, Michael and Sonderegger, Morgan},
  year   = {2017},
  note   = {Version 1.0.1}
}

@book{mcelreath_2020_sr,
  address   = {Boca Raton},
  edition   = {2},
  title     = {Statistical Rethinking: {A} {Bayesian} Course with Examples in {R} and {Stan}},
  publisher = {Chapman and Hall/CRC},
  author    = {McElreath, Richard},
  year      = {2020},
  url       = {https://doi.org/10.1201/9780429029608}
}


@article{mclaughlin_2019_hierarchical,
  title   = {Hierarchical contributions of linguistic knowledge to talker identification: {Phonological} versus lexical familiarity},
  volume  = {81},
  url     = {https://doi.org/10.3758/s13414_019-01778_5},
  number  = {4},
  journal = {Attention, Perception, \& Psychophysics},
  author  = {McLaughlin, Deirdre E. and Carter, Yaminah D. and Cheng, Cecilia C. and Perrachione, Tyler K.},
  year    = {2019},
  pages   = {1088--1107}
}

@article{mcmurray_2002_gradient,
  title   = {Gradient effects of within-category phonetic variation on lexical access},
  volume  = {86},
  url     = {https://doi.org/10.1016/S0010-0277(02)00157-9},
  number  = {2},
  journal = {Cognition},
  author  = {McMurray, Bob and Tanenhaus, Michael K. and Aslin, Richard N.},
  year    = {2002},
  pages   = {B33--B42}
}

@article{menard_2008_invariance,
  title   = {Invariance and variability in the production of the height feature in {French} vowels},
  volume  = {50},
  url     = {https://doi.org/10.1016/j.specom.2007.06.004},
  number  = {1},
  journal = {Speech Communication},
  author  = {M\'{e}nard, Lucie and Schwartz, Jean-Luc and Aubin, JÃ©rÃ´me},
  year    = {2008},
  pages   = {14--28}
}

@article{mennen_2010_settings,
  title     = {Measuring language-specific phonetic settings},
  author    = {Mennen, Ineke and Scobbie, James M and de Leeuw, Esther and Schaeffler, Sonja and Schaeffler, Felix},
  journal   = {Second Language Research},
  volume    = {26},
  number    = {1},
  pages     = {13--41},
  year      = {2010},
  publisher = {SAGE Publications Sage UK: London, England}
}

@article{mennen_2012_f0,
  title   = {Cross-language differences in fundamental frequency range: {A} comparison of {English} and {German}},
  volume  = {131},
  url     = {https://doi.org/10.1121/1.3681950},
  number  = {3},
  journal = {The Journal of the Acoustical Society of America},
  author  = {Mennen, Ineke and Schaeffler, Felix and Docherty, Gerard},
  year    = {2012},
  pages   = {2249--2260}
}
  
@article{mielke_2012_similarity,
  series  = {Phonological {Similarity}},
  title   = {A phonetically based metric of sound similarity},
  volume  = {122},
  url     = {https://doi.org/10.1016/j.lingua.2011.04.006},
  number  = {2},
  journal = {Lingua},
  author  = {Mielke, Jeff},
  year    = {2012},
  pages   = {145--163}
}

@article{mielke_2018_voice,
  url     = {https://doi.org/10.1121/1.5059493},
  year    = {2018},
  volume  = {144},
  number  = {4},
  pages   = {2166--2177},
  author  = {Jeff Mielke and Kuniko Nielsen},
  title   = {Voice Onset Time in {E}nglish voiceless stops is affected by following postvocalic liquids and voiceless onsets},
  journal = {The Journal of the Acoustical Society of America}
}

@article{mitterer_2013_abstraction,
  title   = {Phonological abstraction without phonemes in speech perception},
  volume  = {129},
  url     = {https://doi.org/10.1016/j.cognition.2013.07.011},
  number  = {2},
  journal = {Cognition},
  author  = {Mitterer, Holger and Scharenborg, Odette and McQueen, James M.},
  year    = {2013},
  pages   = {356--361}
}

@article{mitterer_2018_allophones,
  title   = {Allophones, not phonemes in spoken-word recognition},
  volume  = {98},
  url     = {https://doi.org/10.1016/j.jml.2017.09.005},
  journal = {Journal of Memory and Language},
  author  = {Mitterer, Holger and Reinisch, Eva and McQueen, James M.},
  year    = {2018},
  pages   = {77--92}
}

@article{morrison_2008_comment,
  title   = {Comment on â{A} geometric representation of spectral and temporal vowel features: {Quantification} of vowel overlap in three linguistic varietiesâ [{J}. {Acoust}. {Soc}. {Am}. 119, 2334â2350 (2006)]},
  volume  = {123},
  url     = {https://doi.org/10.1121/1.2804633},
  number  = {1},
  journal = {The Journal of the Acoustical Society of America},
  author  = {Morrison, Geoffrey Stewart},
  year    = {2008},
  pages   = {37--40}
}

@article{munson_2004_neighborhood,
  url       = {https://doi.org/10.1044/1092_4388(2004/078)},
  year      = {2004},
  publisher = {American Speech Language Hearing Association},
  volume    = {47},
  number    = {5},
  pages     = {1048--1058},
  author    = {Benjamin Munson and Nancy Pearl Solomon},
  title     = {The Effect of Phonological Neighborhood Density on Vowel Articulation},
  journal   = {Journal of Speech Language and Hearing Research}
}

@article{munson_2010_deconstructing,
  title     = {Deconstructing phonetic transcription: Covert contrast, perceptual bias, and an extraterrestrial view of Vox Humana},
  author    = {Munson, Benjamin and Edwards, Jan and Schellinger, Sarah K and Beckman, Mary E and Meyer, Marie K},
  journal   = {Clinical linguistics \& phonetics},
  volume    = {24},
  number    = {4-5},
  pages     = {245--260},
  year      = {2010},
  publisher = {Taylor \& Francis}
}

@incollection{munson_2019_phonetics,
  title     = {The phonetics of sex and gender},
  booktitle = {The Routledge Handbook of Phonetics},
  author    = {Munson, Benjamin and Babel, Molly},
  year      = {2019},
  url       = {https://doi.org/10.4324/9780429056253_19},
  publisher = {Routledge},
  editor    = {William F. Katz and Peter F. Assmann}
}

@incollection{myersscotton_2011_matrix,
  series    = {Trends in {Linguistics}. {Studies} and {Monographs}},
  title     = {The matrix language frame model: {Developments} and responses},
  volume    = {126},
  url       = {https://doi.org/10.1515/9783110808742.23},
  booktitle = {Codeswitching {Worldwide}},
  publisher = {De Gruyter Mouton},
  author    = {Myers-Scotton, Carol},
  year      = {2011}
}

@article{nagy_2011_hlvc,
  title     = {A multilingual corpus to explore variation in language contact situations},
  author    = {Nagy, Naomi},
  journal   = {Rassegna Italiana di Linguistica Applicata},
  volume    = {43},
  number    = {1-2},
  pages     = {65--84},
  year      = {2011},
  publisher = {Bulzoni Editore},
  url       = {http://digital.casalini.it/10.1400/190440}
}

@manual{navarro_2015_lsr,
  title        = {Learning statistics with R: A tutorial for psychology students and other beginners},
  author       = {Danielle Navarro},
  organization = {University of Adelaide},
  address      = {Adelaide, Australia},
  year         = {2015},
  note         = {Version 0.5},
  url          = {http://ua.edu.au/ccs/teaching/lsr}
}

@article{ng_2010_voice,
  title   = {Voice pitch characteristics of {Cantonese} and {English} produced by {Cantonese}-{English} bilingual children},
  volume  = {12},
  url     = {https://doi.org/10.3109/17549501003721080},
  number  = {3},
  journal = {International Journal of Speech-Language Pathology},
  author  = {Ng, Manwa L. and Hsueh, Gigi and Sam Leung, Cheung-Shing},
  year    = {2010},
  pages   = {230--236}
}

@article{ng_2012_ltas,
  title   = {Differences in vocal characteristics between {Cantonese} and {English} produced by proficient {Cantonese}-{English} bilingual speakers---a long-term average spectral analysis},
  author  = {Ng, Manwa L and Chen, Yang and Chan, Ellen YK},
  journal = {Journal of Voice},
  volume  = {26},
  number  = {4},
  pages   = {e171--e176},
  year    = {2012},
  url     = {https://doi.org/10.1016/j.jvoice.2011.07.013}
}

@inproceedings{ng_shefce_2017,
  title     = {{ShefCE}: {A} {Cantonese}-{English} bilingual speech corpus for pronunciation assessment},
  url       = {https://doi.org/10.1109/ICASSP.2017.7953273},
  booktitle = {Proceedings of the 2017 {IEEE} International Conference on Acoustics, Speech and Signal Processing},
  author    = {Ng, Raymond W. M. and Kwan, Alvin C.M. and Lee, Tan and Hain, Thomas},
  year      = {2017},
  pages     = {5825--5829}
}

@article{nieuwenhuis_2017_weighted,
  url     = {https://doi.org/10.32614/rj-2017-017},
  year    = {2017},
  volume  = {9},
  number  = {1},
  pages   = {477},
  author  = {Rense Nieuwenhuis and Manfred, te Grotenhuis and Ben Pelzer},
  title   = {Weighted Effect Coding for Observational Data with wec},
  journal = {The R Journal}
}

@article{norcliffe_2015_psycholinguistics,
  title   = {Cross-linguistic psycholinguistics and its critical role in theory development: early beginnings and recent advances},
  volume  = {30},
  url     = {https://doi.org/10.1080/23273798.2015.1080373},
  number  = {9},
  journal = {Language, Cognition and Neuroscience},
  author  = {Norcliffe, Elisabeth and Harris, Alice C. and Jaeger, T. Florian},
  year    = {2015},
  pages   = {1009--1032}
}

@article{nygaard_1998_talker,
  title   = {Talker-specific learning in speech perception},
  volume  = {60},
  url     = {https://doi.org/10.3758/bf03206860},
  number  = {3},
  journal = {Perception \& Psychophysics},
  author  = {Nygaard, Lynne C. and Pisoni, David B.},
  year    = {1998},
  pages   = {355--376}
}

@article{olson_2016_transfer,
  title   = {The role of code-switching and language context in bilingual phonetic transfer},
  volume  = {46},
  url     = {https://doi.org/10.1017/S0025100315000468},
  number  = {3},
  journal = {Journal of the International Phonetic Association},
  author  = {Olson, Daniel J.},
  year    = {2016},
  pages   = {263--285}
}

@article{ordin_2017_cross,
  title   = {Cross-Linguistic Differences in Bilinguals' Fundamental Frequency Ranges},
  volume  = {60},
  url     = {https://doi.org/10.1044/2016_JSLHR-S-16-0315},
  number  = {6},
  journal = {Journal of Speech, Language, and Hearing Research},
  author  = {Ordin, Mikhail and Mennen, Ineke},
  year    = {2017},
  pages   = {1493--1506}
}

@article{orena_2019_identifying,
  title   = {Identifying bilingual talkers after a language switch: {Language} experience matters},
  volume  = {145},
  url     = {https://doi.org/10.1121/1.5097735},
  number  = {4},
  journal = {The Journal of the Acoustical Society of America},
  author  = {Orena, Adriel John and Polka, Linda and Theodore, Rachel M.},
  year    = {2019},
  pages   = {EL303--EL309}
}

@inproceedings{panayotov_librispeech_2015,
  url       = {https://doi.org/10.1109/icassp.2015.7178964},
  year      = {2015},
  author    = {Vassil Panayotov and Guoguo Chen and Daniel Povey and Sanjeev Khudanpur},
  title     = {Librispeech: An {ASR} corpus based on public domain audio books},
  booktitle = {Proceedings of the 2015 {IEEE} International Conference on Acoustics, Speech and Signal Processing}
}

@incollection{paolieri_2017_production,
  address   = {Hoboken, NJ, USA},
  title     = {Production in Bilingual and Multilingual Speakers},
  booktitle = {The {Handbook} of {Psycholinguistics}},
  publisher = {John Wiley \& Sons, Inc.},
  author    = {Paolieri, Daniela and Morales, Luis and Bajo, Teresa},
  editor    = {FernÃ¡ndez, Eva M. and Cairns, Helen Smith},
  year      = {2017},
  url       = {https://doi.org/10.1002/9781118829516.ch4},
  pages     = {82--110}
}

@article{peng_1993_influence,
  title   = {Cross-Language Influence on the Production of {Mandarin} /f/ and /x/ and {Taiwanese} /h/ by Native Speakers of Taiwanese Amoy},
  volume  = {50},
  url     = {https://doi.org/10.1159/000261945},
  number  = {4},
  journal = {Phonetica},
  author  = {Peng, Shu-hui},
  year    = {1993},
  pages   = {245--260}
}

@incollection{perrachione_2018_recognizing,
  title     = {Recognizing speakers across languages},
  booktitle = {The {Oxford} {Handbook} of {Voice} {Perception}},
  publisher = {Oxford University Press},
  author    = {Perrachione, Tyler K.},
  editor    = {FrÃ¼hholz, Sascha and Belin, Pascal},
  year      = {2018},
  url       = {https://doi.org/10.1093/oxfordhb/9780198743187.013.23},
  pages     = {514--538}
}

@article{perrachione_2019_judgments,
  title   = {Acoustic and linguistic factors affecting perceptual dissimilarity judgments of voices},
  volume  = {146},
  url     = {https://doi.org/10.1121/1.5126697},
  number  = {5},
  journal = {The Journal of the Acoustical Society of America},
  author  = {Perrachione, Tyler K. and Furbeck, Kristina T. and Thurston, Emily J.},
  year    = {2019},
  pages   = {3384--3399}
}

@article{pickering_2008_structural,
  url       = {https://doi.org/10.1037/0033_2909.134.3.427},
  year      = {2008},
  publisher = {American Psychological Association ({APA})},
  volume    = {134},
  number    = {3},
  pages     = {427--459},
  author    = {Martin J. Pickering and Victor S. Ferreira},
  title     = {Structural priming: A critical review.},
  journal   = {Psychological Bulletin}
}

@article{pitt_2005_buckeye,
  title   = {The {Buckeye} corpus of conversational speech: {L}abeling conventions and a test of transcriber reliability},
  volume  = {45},
  url     = {https://doi.org/10.1016/j.specom.2004.09.001},
  number  = {1},
  journal = {Speech Communication},
  author  = {Pitt, Mark A. and Johnson, Keith and Hume, Elizabeth and Kiesling, Scott and Raymond, William},
  year    = {2005},
  pages   = {89--95}
}

@article{pittam_1987_lts,
  title   = {The long-term spectral measurement of voice quality as a social and personality marker: {A} review},
  volume  = {30},
  url     = {https://doi.org/10.1177/002383098703000101},
  number  = {1},
  journal = {Language and Speech},
  author  = {Pittam, Jeffery},
  year    = {1987},
  pages   = {1--12}
}

@article{podesva_2015_voice,
  title   = {Voice Quality and Identity},
  volume  = {35},
  url     = {https://doi.org/10.1017/S0267190514000270},
  journal = {Annual Review of Applied Linguistics},
  author  = {Podesva, Robert J. and Callier, Patrick},
  year    = {2015},
  pages   = {173--194}
}

@book{polinsky_2018_heritage,
  address   = {Cambridge},
  series    = {Cambridge {Studies} in {Linguistics}},
  title     = {Heritage Languages and their Speakers},
  publisher = {Cambridge University Press},
  author    = {Polinsky, Maria},
  year      = {2018},
  url       = {https://doi.org/10.1017/9781107252349}
}

@manual{r_2021,
  title        = {R: A Language and Environment for Statistical Computing},
  author       = {{R Core Team}},
  organization = {R Foundation for Statistical Computing},
  address      = {Vienna, Austria},
  year         = {2020},
  url          = {http://www.R-project.org/}
}

@article{ramirezesparza_2014_bilingual,
  title   = {The bilingual brain: {Language}, culture, and identity},
  url     = {https://doi.org/10.1093/oxfordhb/9780199796694.013.012},
  journal = {The Oxford Handbook of Multicultural Identity},
  author  = {Ram\'{i}rez-Esparza, N. and Garc\'{i}a-Sierra, A.},
  year    = {2014}
}

@article{reidy_2016_spectral,
  title   = {Spectral dynamics of sibilant fricatives are contrastive and language specific},
  volume  = {140},
  url     = {https://doi.org/10.1121/1.4964510},
  number  = {4},
  journal = {The Journal of the Acoustical Society of America},
  author  = {Reidy, Patrick F.},
  year    = {2016},
  pages   = {2518--2529}
}

@article{reinisch_2013_retune,
  title   = {Listeners retune phoneme categories across languages},
  volume  = {39},
  url     = {https://doi.org/10.1037/a0027979},
  number  = {1},
  journal = {Journal of Experimental Psychology: Human Perception and Performance},
  author  = {Reinisch, Eva and Weber, Andrea and Mitterer, Holger},
  year    = {2013},
  pages   = {75--86}
}

@inproceedings{reinisch_2015_perceptual,
  address   = {Glasgow, UK},
  title     = {Perceptual learning in speech is phonetic, not phonological: {Evidence} from final consonant devoicing},
  booktitle = {Proceedings of the 18th International Congress of Phonetic Sciences},
  author    = {Reinisch, Eva and Mitterer, Holger},
  year      = {2015},
  pages     = {5}
}

@article{renwick_2016_distinctiveness,
  title   = {Phonetic Distinctiveness vs. Lexical Contrastiveness in Non-Robust Phonemic Contrasts},
  volume  = {7},
  url     = {https://doi.org/10.5334/labphon.17},
  number  = {1},
  journal = {Laboratory Phonology: Journal of the Association for Laboratory Phonology},
  author  = {Renwick, Margaret and Ladd, D.},
  year    = {2016},
  pages   = {19}
}

@misc{revelle_2021_psych,
  title  = {{psych}: Procedures for Psychological, Psychometric, and Personality Research},
  author = {William Revelle},
  year   = {2021},
  note   = {R package version 2.1.3},
  url    = {https://CRAN.R-project.org/package=psych}
}

@phdthesis{rose_2017_predicting,
  address = {Christchurch, New Zealand},
  title   = {Predicting Plurality: An Examination of the Effects of Morphological Predictability on the Learning and Realization of Bound Morphemes},
  school  = {University of Canterbury},
  author  = {Rose, Darcy Elizabeth},
  year    = {2017},
  url     = {https://doi.org/10.26021/4881}
}

@article{ryabov_2016_self,
  title     = {Self-perceived and acoustic voice characteristics of {Russian}-{English} bilinguals},
  author    = {Ryabov, Rashel and Malakh, Marcella and Trachtenberg, Malka and Wohl, Sherrie and Oliveira, Gisele},
  journal   = {Journal of Voice},
  volume    = {30},
  number    = {6},
  pages     = {772.e1--772.e8},
  year      = {2016},
  publisher = {Elsevier},
  url       = {https://doi.org/10.1016/j.jvoice.2015.11.009}
}

@article{samuel_2020_resist,
  title   = {Psycholinguists should resist the allure of linguistic units as perceptual units},
  volume  = {111},
  url     = {https://doi.org/10.1016/j.jml.2019.104070},
  journal = {Journal of Memory and Language},
  author  = {Samuel, Arthur G.},
  year    = {2020},
  pages   = {104070}
}

@article{sancier_1997_drift,
  title   = {Gestural drift in a bilingual speaker of {Brazilian} {Portuguese} and {English}},
  volume  = {25},
  url     = {https://doi.org/10.1006/jpho.1997.0051},
  number  = {4},
  journal = {Journal of Phonetics},
  author  = {Sancier, Michele L. and Fowler, Carol A.},
  year    = {1997},
  pages   = {421--436}
}

@article{schertz_2019_correspondence,
  title   = {Cross-language correspondences in the face of change: {Phonetic} independence versus convergence in two {Korean}-{Mandarin} bilingual communities},
  volume  = {23},
  url     = {https://doi.org/10.1177/1367006917728389},
  number  = {1},
  journal = {International Journal of Bilingualism},
  author  = {Schertz, Jessamyn and Kang, Yoonjung and Han, Sungwoo},
  year    = {2019},
  pages   = {157--199}
}

@article{schonbrodt_2018_bayes,
  title   = {Bayes factor design analysis: {Planning} for compelling evidence},
  volume  = {25},
  url     = {https://doi.org/10.3758/s13423_017-1230_y},
  number  = {1},
  journal = {Psychonomic Bulletin \& Review},
  author  = {SchÃ¶nbrodt, Felix D. and Wagenmakers, Eric-Jan},
  year    = {2018},
  pages   = {128--142}
}

@article{schwarz_2019_laryngeal,
  title   = {Realization and representation of {Nepali} laryngeal contrasts: {Voiced} aspirates and laryngeal realism},
  volume  = {73},
  url     = {https://doi.org/10.1016/j.wocn.2018.12.007},
  journal = {Journal of Phonetics},
  author  = {Schwarz, Martha and Sonderegger, Morgan and Goad, Heather},
  year    = {2019},
  pages   = {113--127}
}

@article{seyfarth_2014_word,
  title   = {Word informativity influences acoustic duration: {Effects} of contextual predictability on lexical representation},
  volume  = {133},
  url     = {https://doi.org/10.1016/j.cognition.2014.06.013},
  number  = {1},
  journal = {Cognition},
  author  = {Seyfarth, Scott},
  year    = {2014},
  pages   = {140--155}
}

@article{sharma_2020_acoustic,
  title   = {Acoustic and linguistic features influence talker change detection},
  volume  = {148},
  url     = {http://asa.scitation.org/doi/10.1121/10.0002462},
  url     = {https://doi.org/10.1121/10.0002462},
  number  = {5},
  journal = {The Journal of the Acoustical Society of America},
  author  = {Sharma, Neeraj Kumar and Krishnamohan, Venkat and Ganapathy, Sriram and Gangopadhayay, Ahana and Fink, Lauren},
  year    = {2020},
  note    = {Publisher: Acoustical Society of America},
  pages   = {EL414--EL419}
}

@article{shen_2020_withholding,
  title   = {Didn't hear that coming: Effects of withholding phonetic cues to code-switching},
  author  = {Shen, Alice and Gahl, Susanne and Johnson, Keith},
  journal = {Bilingualism: Language and Cognition},
  pages   = {1020--1031},
  year    = {2020},
  url     = {https://doi.org/10.1017/s1366728919000877},
  volume  = {23},
  number  = {5}
}

@inproceedings{shue_2011_voicesauce,
  address   = {Hong Kong},
  title     = {{VoiceSauce}: {A} program for voice analysis},
  volume    = {3},
  url       = {https://www.internationalphoneticassociation.org/icphs-proceedings/ICPhS2011},
  booktitle = {Proceedings of the 17th {International} {Congress} of {Phonetic} {Sciences}},
  author    = {Shue, Yen-Liang and Keating, Patricia and Vicenik, Chad and Yu, Kristine},
  year      = {2011},
  pages     = {1846--1849}
}

@article{simonet_2011_production,
  title   = {Production of a {Catalan}-Specific Vowel Contrast by Early {Spanish}-{Catalan} Bilinguals},
  volume  = {68},
  url     = {https://doi.org/10.1159/000328847},
  number  = {1-2},
  journal = {Phonetica},
  author  = {Simonet, Miquel},
  year    = {2011},
  pages   = {88--110}
}

@incollection{simonet_2016_bilingualism,
  title     = {The Phonetics and Phonology of Bilingualism},
  booktitle = {Oxford Handbooks Online},
  url       = {https://doi.org/10.1093/oxfordhb/9780199935345.013.72},
  journal   = {Oxford Handbooks Online},
  author    = {Simonet, Miguel},
  year      = {2016},
  publisher = {Oxford University Press}
}

@article{simonet_2019_convergence,
  url     = {https://doi.org/10.1177/1367006919826388},
  year    = {2019},
  volume  = {24},
  number  = {2},
  pages   = {208--221},
  author  = {Miquel Simonet and Mark Amengual},
  title   = {Increased language co-activation leads to enhanced cross-linguistic phonetic convergence},
  journal = {International Journal of Bilingualism}
}

@article{simpson_2009_phonetic,
  title   = {Phonetic differences between male and female speech},
  volume  = {3},
  url     = {https://doi.org/10.1111/j.1749-818X.2009.00125.x},
  number  = {2},
  journal = {Language and Linguistics Compass},
  author  = {Simpson, Adrian P.},
  year    = {2009},
  pages   = {621--640}
}

@misc{sjolander_2004_snack,
  address = {KTH Royal Institute of Technology},
  title   = {The {Snack} {Sound} {Toolkit}},
  url     = {https://www.speech.kth.se/snack/},
  author  = {Sj\"{o}lander, KÃ¥re},
  year    = {2004}
}

@inproceedings{sloetjes_2008_elan,
  title     = {Annotation by Category: {ELAN} and {ISO} {DCR}},
  author    = {Sloetjes, Han and Wittenburg, Peter},
  booktitle = {Proceedings of the 6th International Conference on Language Resources and Evaluation},
  year      = {2008},
  address   = {Marrakech, Morocco},
  url       = {http://www.lrec-conf.org/proceedings/lrec2008/pdf/208_paper.pdf}
}

@article{soskuthy_2020_codar,
  title   = {Voice quality and coda /r/ in {Glasgow} {English} in the early 20th century},
  volume  = {32},
  url     = {https://doi.org/10.1017/S0954394520000071},
  number  = {2},
  journal = {Language Variation and Change},
  author  = {S\'{o}skuthy, MÃ¡rton and Stuart-Smith, Jane},
  year    = {2020},
  pages   = {133--157}
}

@article{sotofaraco_2007_discriminating,
  title   = {Discriminating languages by speech-reading},
  volume  = {69},
  url     = {https://doi.org/10.3758/BF03193744},
  number  = {2},
  urldate = {2021-08-19},
  journal = {Perception \& Psychophysics},
  author  = {Soto-Faraco, Salvador and Navarra, Jordi and Weikum, Whitney M. and Vouloumanos, Athena and SebastiÃ¡n-GallÃ©s, NÃºria and Werker, Janet F.},
  year    = {2007},
  pages   = {218--231}
}

@manual{stan_2021,
  title  = {Stan Modeling Language Users Guide and Reference Manual},
  author = {{Stan Development Team}},
  year   = {2021},
  url    = {https://mc-stan.org}
}

@misc{statistics_2017_proportion,
  author = {{Statistics Canada}},
  title  = {Proportion of mother tongue responses for various regions in {Canada}, 2016 {Census}},
  url    = {https://www12.statcan.gc.ca/census-recensement/2016/dp-pd/dv-vd/lang/index-eng.cfm},
  year   = {2017}
}

@article{stewart_1968_canonical,
  title   = {A general canonical correlation index},
  volume  = {70},
  url     = {https://doi.org/10.1037/h0026143},
  number  = {3, pt.1},
  journal = {Psychological Bulletin},
  author  = {Stewart, Douglas and Love, William},
  year    = {1968},
  pages   = {160--163}
}

@article{stuartsmith_2015_private,
  title   = {The private life of stops: {VOT} in a real-time corpus of spontaneous {Glaswegian}},
  volume  = {6},
  url     = {https://doi.org/10.1515/lp-2015-0015},
  number  = {3-4},
  urldate = {2021-09-01},
  journal = {Laboratory Phonology},
  author  = {Stuart-Smith, Jane and Sonderegger, Morgan and Rathcke, Tamara and Macdonald, Rachel},
  year    = {2015},
  pages   = {505--549}
}

@inproceedings{sun_2002_shr,
  title     = {Pitch determination and voice quality analysis using Subharmonic-to-Harmonic Ratio},
  volume    = {1},
  url       = {https://doi.org/10.1109/ICASSP.2002.5743722},
  booktitle = {Proceedings of the 2002 {IEEE} International Conference on Acoustics, Speech, and Signal Processing},
  author    = {Sun, Xuejing},
  year      = {2002},
  pages     = {I-333--I-336}
}

@misc{sun_2020_jieba,
  title  = {{jieba}},
  author = {Sun, Junyi},
  year   = {2020},
  url    = {https://github.com/fxsjy/jieba},
  note   = {Version 0.42.1}
}

@article{sundara_2006_production,
  title   = {Production of coronal stops by simultaneous bilingual adults},
  volume  = {9},
  url     = {https://doi.org/10.1017/S1366728905002403},
  number  = {1},
  journal = {Bilingualism: Language and Cognition},
  author  = {Sundara, Megha and Polka, Linda and Baum, Shari},
  year    = {2006},
  pages   = {97--114}
}

@book{tabachnick_2013_statistics,
  edition   = {6},
  title     = {Using Multivariate Statistics},
  publisher = {Pearson Education, Inc.},
  author    = {Tabachnick, Barbara G. and Fidell, Linda S.},
  year      = {2013}
}

@article{tabain_2016_stress,
  title   = {Stress Effects on Stop Bursts in Five Languages},
  volume  = {7},
  url     = {https://doi.org/10.5334/labphon.38},
  number  = {1},
  journal = {Laboratory Phonology: Journal of the Association for Laboratory Phonology},
  author  = {Tabain, Marija and Breen, Gavan and Butcher, Andrew and Jukes, Anthony and Beare, Richard},
  year    = {2016},
  pages   = {16}
}

@article{tanner_2020_english,
  title   = {Toward ``{English}'' Phonetics: {Variability} in the Pre-consonantal Voicing Effect Across {English} Dialects and Speakers},
  volume  = {3},
  url     = {https://doi.org/10.3389/frai.2020.00038},
  journal = {Frontiers in Artificial Intelligence},
  author  = {Tanner, James and Sonderegger, Morgan and Stuart-Smith, Jane and Fruehwald, Josef},
  year    = {2020}
}

@article{theodore_2010_sensitivity,
  title   = {Characteristics of listener sensitivity to talker-specific phonetic detail},
  volume  = {128},
  url     = {https://doi.org/10.1121/1.3467771},
  number  = {4},
  journal = {The Journal of the Acoustical Society of America},
  author  = {Theodore, Rachel M. and Miller, Joanne L.},
  year    = {2010},
  pages   = {2090--2099}
}

@article{theodore_2015_talker,
  title   = {Talker-specific influences on phonetic category structure},
  volume  = {138},
  url     = {https://doi.org/10.1121/1.4927489},
  number  = {2},
  journal = {The Journal of the Acoustical Society of America},
  author  = {Theodore, Rachel M. and Myers, Emily B. and Lomibao, Janice A.},
  year    = {2015},
  pages   = {1068--1078}
}

@article{theodore_2019_voice,
  url     = {https://doi.org/10.1017/s1366728919000075},
  year    = {2019},
  volume  = {23},
  number  = {1},
  pages   = {158--170},
  author  = {Rachel M. Theodore and Erin G. Flanagan},
  title   = {Determinants of voice recognition in monolingual and bilingual listeners},
  journal = {Bilingualism: Language and Cognition}
}

@article{tobin_2017_drift,
  title   = {Phonetic drift in {Spanish}-{English} bilinguals: {Experiment} and a self-organizing model},
  volume  = {65},
  url     = {https://doi.org/10.1016/j.wocn.2017.05.006},
  journal = {Journal of Phonetics},
  author  = {Tobin, Stephen J. and Nam, Hosung and Fowler, Carol A.},
  year    = {2017},
  pages   = {45--59}
}

@article{travis_making_2013,
  title      = {Making voices count: {Corpus} compilation in bilingual communities},
  volume     = {33},
  issn       = {0726-8602},
  shorttitle = {Making Voices Count: Corpus Compilation in Bilingual Communities},
  url        = {https://doi.org/10.1080/07268602.2013.814529},
  url        = {https://doi.org/10.1080/07268602.2013.814529},
  number     = {2},
  journal    = {Australian Journal of Linguistics},
  author     = {Travis, Catherine E. and Torres Cacoullos, Rena},
  year       = {2013},
  pages      = {170--194}
}

@phdthesis{tse_2019_heritage,
  address = {Pittsburgh, PA},
  type    = {Doctoral Dissertation},
  title   = {Beyond the Monolingual Core and out into the Wild: {A} Variationist Study of Early Bilingualism and Sound Change in {Toronto} Heritage {Cantonese}},
  url     = {http://d-scholarship.pitt.edu/35721/},
  school  = {University of Pittsburgh},
  author  = {Tse, Holman},
  year    = {2019}
}

@article{tsui_2019_switching,
  title   = {Impact of language dominance on phonetic transfer in {Cantonese}â{English} bilingual language switching},
  volume  = {40},
  url     = {https://doi.org/10.1017/S0142716418000449},
  number  = {1},
  journal = {Applied Psycholinguistics},
  author  = {Tsui, Rachel Ka-Ying and Tong, Xiuli and Chan, Chuck Siu Ki},
  year    = {2019},
  pages   = {29--58}
}

@inproceedings{turk_1991_eigenfaces,
  url       = {https://doi.org/10.1109/cvpr.1991.139758},
  year      = {1991},
  author    = {Turk, M.A. and Pentland, A.P.},
  title     = {Face recognition using eigenfaces},
  booktitle = {Proceedings of the 1991 {IEEE} Computer Society Conference on Computer Vision and Pattern Recognition}
}

@article{turnbull_2018_probabilistic,
  title   = {Patterns of probabilistic segment deletion/reduction in {English} and {Japanese}},
  volume  = {4},
  url     = {https://doi.org/10.1515/lingvan_2017_0033},
  number  = {s2},
  journal = {Linguistics Vanguard},
  author  = {Turnbull, Rory},
  year    = {2018}
}

@article{vanheugten_2014_accents,
  title   = {Learning to contend with accents in infancy: {Benefits} of brief speaker exposure},
  volume  = {143},
  url     = {https://doi.org/10.1037/a0032192},
  number  = {1},
  journal = {Journal of Experimental Psychology: General},
  author  = {van Heugten, Marieke and Johnson, Elizabeth K.},
  year    = {2014},
  pages   = {340--350}
}

@article{vanson_1999_reduction,
  title   = {An acoustic description of consonant reduction},
  volume  = {28},
  url     = {https://doi.org/10.1016/S0167_6393(99)00009_6},
  number  = {2},
  journal = {Speech Communication},
  author  = {van Son, R. J. J. H. and Pols, Louis C. W.},
  year    = {1999},
  pages   = {125--140}
}

@article{vanson_2005_efficient,
  title   = {Duration and spectral balance of intervocalic consonants: {A} case for efficient communication},
  volume  = {47},
  url     = {https://doi.org/10.1016/j.specom.2005.06.005},
  number  = {1},
  journal = {Speech Communication},
  author  = {van Son, R. J. J. H. and van Santen, Jan P. H.},
  year    = {2005},
  pages   = {100--123}
}

@article{vasishth_2018_bayesian,
  title   = {Bayesian data analysis in the phonetic sciences: {A} tutorial introduction},
  volume  = {71},
  url     = {https://doi.org/10.1016/j.wocn.2018.07.008},
  journal = {Journal of Phonetics},
  author  = {Vasishth, Shravan and Nicenboim, Bruno and Beckman, Mary E. and Li, Fangfang and Kong, Eun Jong},
  year    = {2018},
  pages   = {147--161}
}

@article{vehtari_2017_practical,
  title   = {Practical {Bayesian} model evaluation using leave-one-out cross-validation and {WAIC}},
  volume  = {27},
  url     = {https://doi.org/10.1007/s11222-016-9696-4},
  number  = {5},
  journal = {Statistics and Computing},
  author  = {Vehtari, Aki and Gelman, Andrew and Gabry, Jonah},
  year    = {2017},
  pages   = {1413--1432}
}

@misc{vehtari_2020_loo,
  title  = {loo: Efficient leave-one-out cross-validation and WAIC for Bayesian models},
  author = {Aki Vehtari and Jonah Gabry and Mans Magnusson and Yuling Yao and BÃ¼rkner, Paul-Christian and Topi Paananen and Andrew Gelman},
  year   = {2020},
  note   = {R package version 2.4.1},
  url    = {https://mc-stan.org/loo/}
}

@article{vicenik_2010_georgian,
  title   = {An acoustic study of {Georgian} stop consonants},
  volume  = {40},
  url     = {https://doi.org/10.1017/S0025100309990302},
  number  = {1},
  journal = {Journal of the International Phonetic Association},
  author  = {Vicenik, Chad},
  year    = {2010},
  pages   = {59--92}
}

@inproceedings{voigt_2016_between,
  address   = {San Francisco, CA},
  title     = {Between- and Within-Speaker Effects of Bilingualism on {F0} Variation},
  url       = {https://doi.org/10.21437/Interspeech.2016-1506},
  author    = {Voigt, Rob and Jurafsky, Dan and Sumner, Meghan},
  year      = {2016},
  pages     = {1122--1126},
  booktitle = {Proceedings of Interspeech 2016}
}

@article{wagner_2006_formant,
  title   = {Formant transitions in fricative identification: {The} role of native fricative inventory},
  volume  = {120},
  url     = {https://doi.org/10.1121/1.2335422},
  number  = {4},
  journal = {The Journal of the Acoustical Society of America},
  author  = {Wagner, Anita and Ernestus, Mirjam and Cutler, Anne},
  year    = {2006},
  pages   = {2267--2277}
}

@article{wassink_2006_geometric,
  title   = {A geometric representation of spectral and temporal vowel features: {Quantification} of vowel overlap in three linguistic varieties},
  volume  = {119},
  url     = {https://doi.org/10.1121/1.2168414},
  number  = {4},
  journal = {The Journal of the Acoustical Society of America},
  author  = {Wassink, Alicia Beckford},
  year    = {2006},
  pages   = {2334--2350}
}

@article{wei_2018_translanguaging,
  title   = {Translanguaging as a Practical Theory of Language},
  volume  = {39},
  url     = {https://doi.org/10.1093/applin/amx039},
  number  = {1},
  journal = {Applied Linguistics},
  author  = {Wei, Li},
  year    = {2018},
  pages   = {9--30}
}

@article{weinreich_1957_interference,
  title   = {On the Description of Phonic Interference},
  volume  = {13},
  url     = {https://doi.org/10.1080/00437956.1957.11659624},
  number  = {1},
  journal = {WORD},
  author  = {Weinreich, Uriel},
  year    = {1957},
  pages   = {1--11}
}

@book{wilson_2011_language,
  title     = {Language Files: Materials for an Introduction to Language and Linguistics},
  author    = {Wilson, C and Mihalicek, V},
  year      = {2011},
  publisher = {Ohio State University Press},
  address   = {Columbus, UH},
  url       = {https://linguistics.osu.edu/research/pubs/lang-files}
}

@inproceedings{winterstein_2020_cantomap,
  address   = {Marseille, France},
  title     = {{CantoMap}: A {Hong} {Kong} {Cantonese} {MapTask} Corpus},
  booktitle = {Proceedings of the 12th Language Resources and Evaluation Conference},
  author    = {Winterstein, GrÃ©goire and Tang, Carmen and Lai, Regine},
  year      = {2020},
  pages     = {2906--2913},
  url       = {https://aclanthology.org/2020.lrec-1.355}
}

@phdthesis{wong_2006_fusion,
  address = {Columbus, OH},
  title   = {Syllable Fusion in {Hong} {Kong} {Cantonese} Connected Speech},
  type    = {Doctoral Dissertation},
  url     = {http://rave.ohiolink.edu/etdc/view?acc_num=osu1143227948},
  school  = {The Ohio State University},
  author  = {Wong, Wai Yi Peggy},
  year    = {2006}
}

@article{wong_2012_units,
  title   = {Phonological Units in Spoken Word Production: Insights from {Cantonese}},
  volume  = {7},
  url     = {https://doi.org/10.1371/journal.pone.0048776},
  number  = {11},
  journal = {PLOS ONE},
  author  = {Wong, Andus Wing-Kuen and Huang, Jian and Chen, Hsuan-Chih},
  year    = {2012},
  pages   = {e48776}
}

@article{xie_2015_impact,
  title   = {The impact of musical training and tone language experience on talker identification},
  volume  = {137},
  url     = {https://doi.org/10.1121/1.4904699},
  number  = {1},
  journal = {The Journal of the Acoustical Society of America},
  author  = {Xie, Xin and Myers, Emily},
  year    = {2015},
  pages   = {419--432}
}

@article{xue_2002_f0,
  title   = {Speaking fundamental frequency characteristics of young and elderly bilingual {Chinese}-{English} speakers: A functional system approach},
  volume  = {7},
  url     = {https://doi.org/10.1179/136132802805576544},
  number  = {1},
  journal = {Asia Pacific Journal of Speech, Language and Hearing},
  author  = {Xue, Steve An and Hagstrom, Fran and Hao, JianPing},
  year    = {2002},
  pages   = {55--62}
}

@article{yang_2017_interactions,
  title   = {L1â{L}2 interactions of vowel systems in young bilingual {Mandarin}-{English} children},
  volume  = {65},
  url     = {https://doi.org/10.1016/j.wocn.2017.06.002},
  journal = {Journal of Phonetics},
  author  = {Yang, Jing and Fox, Robert A.},
  year    = {2017},
  pages   = {60--76}
}

@article{yang_2019_vot,
  title   = {Comparison of {VOTs} in {Mandarin}â{English} bilingual children and corresponding monolingual children and adults},
  url     = {https://doi.org/10.1177/0267658319851820},
  journal = {Second Language Research},
  author  = {Yang, Jing},
  year    = {2019},
  pages   = {0267658319851820}
}

@inproceedings{yang_2020_f0,
  title     = {F0 Patterns in {Mandarin} Statements of {Mandarin} and {Cantonese} Speakers},
  url       = {https://doi.org/10.21437/Interspeech.2020-2549},
  language  = {en},
  booktitle = {Proceedings of Interspeech 2020},
  author    = {Yang, Yike and Chen, Si and Chen, Xi},
  year      = {2020},
  pages     = {4163--4167}
}

@misc{yau_2019_pyjyutping,
  title  = {{PyJyutping}},
  author = {Yau, Macro},
  year   = {2019},
  url    = {https://github.com/MacroYau/PyJyutping}
}

@article{yovel_2013_unified,
  title   = {A unified coding strategy for processing faces and voices},
  volume  = {17},
  number  = {6},
  journal = {Trends in Cognitive Sciences},
  author  = {Yovel, Galit and Belin, Pascal},
  year    = {2013},
  pages   = {263--271},
  url     = {https://doi.org/10.1016/j.tics.2013.04.004}
}

@incollection{yu_2013_diaspora,
  title     = {Mountains of gold: {Canada}, {North} {America}, and the {Cantonese} {Pacific}},
  booktitle = {Routledge Handbook of the {Chinese} Diaspora},
  author    = {Yu, Henry},
  year      = {2013},
  url       = {https://doi.org/10.4324/9780203100387.ch7},
  pages     = {108--121},
  publisher = {Routledge}
}

@article{yu_2016_cantonese,
  title   = {Vowel-dependent variation in {Cantonese} /s/ from an individual-difference perspective},
  volume  = {139},
  url     = {https://doi.org/10.1121/1.4944992},
  number  = {4},
  journal = {The Journal of the Acoustical Society of America},
  author  = {Yu, Alan C. L.},
  year    = {2016},
  pages   = {1672--1690}
}

@article{yu_2019_individual,
  title   = {Individual Differences in Language Processing: Phonology},
  volume  = {5},
  url     = {https://doi.org/10.1146/annurev-linguistics-011516-033815},
  number  = {1},
  journal = {Annual Review of Linguistics},
  author  = {Yu, Alan C. L. and Zellou, Georgia},
  year    = {2019},
  pages   = {131--150}
}

@inproceedings{yuan_2014_automatic,
  title     = {Automatic phonetic segmentation in {Mandarin} {Chinese}: {Boundary} models, glottal features and tone},
  url       = {https://doi.org/10.1109/ICASSP.2014.6854058},
  booktitle = {Proceedings of the 2014 {IEEE} International Conference on Acoustics, Speech and Signal Processing},
  author    = {Yuan, Jiahong and Ryant, Neville and Liberman, Mark},
  year      = {2014},
  pages     = {2539--2543}
}

@article{zarate_2015_multiple,
  title   = {Multiple levels of linguistic and paralinguistic features contribute to voice recognition},
  volume  = {5},
  url     = {https://doi.org/10.1038/srep11475},
  number  = {1},
  urldate = {2021-10-06},
  journal = {Scientific Reports},
  author  = {Zarate, Jean Mary and Tian, Xing and Woods, Kevin J. P. and Poeppel, David},
  year    = {2015},
  pages   = {11475}
}
